4668 5872
790 209 863 308 D.)
888 227 958 284 ms
983 227 1199 290 rnoucnn
1223 231 1586 300 secanstrsrtcun.
2112 239 2158 336 75

217 407 368 478 Cronct'i
388 405 564 503 (Anoib.)
592 405 638 478 de
655 404 823 480 vindicta
841 423 974 480 contra
993 409 1148 506 injurias
1272 443 1367 490 vers.
1399 418 1498 492 inter
1524 419 1679 494 Paolum
1701 425 1739 498 V.
1756 449 1896 525 papam
1914 441 1951 502 et
1968 430 2155 530 rempubl.

261 551 284 596 a
298 525 416 598 Paulo
437 527 475 600 V.
492 549 590 622 papa
605 526 778 598 Venetae
801 525 909 624 reipl.
928 525 1058 602 illatas.

311 684 448 761 oouases
462 687 544 740 non.
563 685 599 738 r.
617 686 646 738 3.
659 703 689 760 p.
707 685 859 758 ss7.5ss.

215 891 339 986 Crassi
359 892 472 990 (Nic.)
501 893 665 992 Anopor.
683 891 731 966 ad
746 891 1055 967 card.Baronium
1071 918 1145 992 pro

259 1008 404 1106 republ.
436 1012 594 1084 Veneta.

306 1167 382 1224 not.
405 1171 442 1224 T.
458 1169 486 1226 3.
501 1190 530 1246 p.
546 1173 696 1246 414·439.

207 1373 390 1460 Dallen'i,
424 1376 548 1450 Aures.
573 1374 731 1472 (Leob.)
764 1390 871 1451 tract.
892 1375 1144 1452 demandatis

259 1493 479 1593 apostolicis.

307 1653 403 1708 Troct.
422 1657 498 1710 unio.
511 1655 575 1729 jur.
592 1657 627 1712 T.
647 1658 691 1713 15.
706 1659 736 1712 P.
754 1675 777 1712 t.
791 1677 820 1732 p.
838 1671 900 1711 220.

208 1861 354 1934 Donati
373 1863 538 1958 (Leon.)
560 1861 645 1938 duc.
664 1867 801 1939 Venet.
826 1865 993 1940 edictum
1011 1883 1145 1942 contra

202 2031 211 2042 ι
258 1980 399 2054 bullam
421 1982 536 2054 Pauli
551 1983 589 2055 V.
614 2010 735 2082 papae
757 1985 916 2058 romani.

310 2141 447 2216 Goldasti
465 2141 650 2197 Monarchia.
673 2144 708 2196 T.
728 2145 754 2198 5.
771 2163 800 2218 p.
817 2140 963 2202 atta-286.
1087 2161 1097 2174 ’

211 2308 374 2408 Epistola
400 2307 628 2393 parisiensis,
657 2305 903 2398 Oxonienlis‚
932 2314 1144 2413 pragensis,

261 2448 299 2504 et
315 2429 508 2502 Romanae
534 2426 831 2516 academiarum,
850 2431 896 2504 de
919 2434 1145 2509 anctoritate

257 2547 497 2646 imperatoris
524 2547 562 2619 in
580 2546 776 2622 schismate
799 2575 984 2648 paparum
1010 2553 1145 2627 tollen-

256 2667 306 2742 do
323 2668 368 2741 ad
389 2665 568 2740 Urbanum
585 2692 724 2768 papam
742 2681 780 2739 et
793 2669 1036 2744 Wncesloum
1052 2671 1142 2770 imp.

259 2813 359 2860 anno
379 2784 480 2858 dom.
504 2784 607 2856 1380.

303 2945 379 3008 toiri.
406 2945 441 2999 T.
462 2962 486 2999 r.
505 2964 533 3020 p.
551 2945 698 3018 ang-232.
809 2967 813 2979 ·

212 3154 341 3254 Goony
376 3151 526 3252 (Hem.)
559 3167 667 3225 tract.
688 3149 735 3226 de
758 3149 997 3228 immunitate
1023 3143 1141 3230 ec'cle-

257 3271 402 3356 siarum,
412 3269 536 3370 quoad
548 3266 725 3368 personas
741 3269 1002 3370 confugientes
1012 3275 1060 3348 ad
1070 3301 1142 3350 eas.

306 3433 402 3486 Tmo.
422 3432 498 3486 wtsv.
514 3429 575 3500 jur.
598 3430 633 3483 Τ.
654 3429 697 3485 13.
716 3430 746 3485 P.
766 3450 789 3485 1.
804 3450 832 3506 p.
850 3425 896 3486 86.

215 3596 385 3694 Goustaei
420 3594 595 3690 (Claud.)
631 3609 738 3669 tract.
762 3595 808 3668 de
835 3599 1014 3695 potestate
1039 3597 1145 3696 regia

262 3714 302 3786 in
324 3712 485 3788 ecclelia.
501 3739 601 3786 anno
622 3712 721 3786 dom.
750 3715 854 3786 1561.

311 3872 446 3947 Goldosti
465 3874 548 3927 Mon.
564 3873 600 3926 T.
616 3891 639 3926 1.
659 3891 687 3947 p.
706 3869 770 3927 655.
786 3871 850 3946 674.

212 4039 463 4111 Guiccz'ordzin'
490 4035 670 4138 (Fronc.)
706 4053 812 4112 tract
835 4038 881 4112 de
909 4038 1055 4138 origine
1078 4064 1147 4138 po-

258 4155 395 4229 testatis
415 4157 589 4248 secularis
607 4153 646 4227 in
665 4183 823 4230 romana
841 4156 999 4230 scelesta.

305 4316 381 4370 Ibid.
404 4316 440 4369 T.
455 4317 481 4370 3.
497 4337 525 4391 p.
543 4332 649 4390 17·22.

214 4481 346 4554 Hom's
387 4481 517 4576 (llic.)
550 4481 755 4556 concordia
778 4467 973 4581 anglicana
996 4479 1042 4554 de
1067 4481 1163 4581 pri-,

258 4616 363 4672 matu
382 4597 552 4677 ecclesiae
574 4600 680 4700 regio
706 4599 881 4675 adversus
898 4600 1084 4674 Beconum
1101 4600 1148 4674 de

259 4714 403 4790 dissidio
428 4717 637 4816 anglicano.
656 4721 833 4808 ¹Lorzdini,
863 4720 967 4803 1612.
994 4719 1027 4793 8.

306 4873 397 4932 Liber
417 4877 565 4952 editioque
586 4898 661 4934 rara.

214 5039 431 5142 Hieronymi
469 5045 664 5121 Veodrom.»
690 5041 966 5145 disquisitiones
996 5057 1149 5118 contro-

1174 563 1181 576 ·
1270 511 1471 610 Vsnetam.

1321 695 1456 771 Goldosli
1474 699 1557 752 Mon.
1577 699 1611 754 T.
1630 701 1657 754 3.
1674 721 1702 776 p.
1716 702 1866 778 454·477.

1217 860 1446 932 Hotomanus
1476 863 1635 955 (Fronc.
1645 873 1669 960 )
1703 883 1810 944 tract.
1839 868 1884 942 de
1910 868 2011 943 bulla
2034 897 2155 972 papae

1267 977 1368 1050 Soti
1402 979 1438 1050 V.
1471 980 1647 1056 adversus
1677 984 1872 1060 Henn'cum
1904 988 2083 1062 Francius
2118 1006 2157 1065 et

1266 1095 1455 1169 Naronae
1473 1125 1604 1198 regem
1627 1117 1696 1174 etc.

1313 1255 1391 1312 rosa.
1413 1259 1447 1312 T.
1464 1259 1492 1313 s.
1503 1279 1533 1334 p.
1552 1254 1607 1316 ⁶8-
1619 1276 1679 1334 ιη.

1217 1386 1308 1493 lC.
1328 1421 1369 1496 G.
1395 1423 1442 1498 de
1467 1423 1640 1502 libertate
1665 1427 1927 1516 ecclesiastica,
1962 1431 2059 1506 liber
2085 1433 2155 1506 stn-

1266 1541 1416 1637 gularis.
1433 1569 1532 1618 anno
1550 1543 1651 1619 dom
1667 1546 1770 1643 1607.

1311 1699 1389 1754 rota
1413 1702 1447 1756 r.
1471 1721 1494 1756 t.
1512 1722 1541 1777 p.
1556 1701 1703 1777 674·7⁵⁵·

1216 1862 1393 1935 Iudicium
1416 1862 1528 1963 super
1551 1867 1761 1945 monitorio
1783 1896 1905 1972 papae
1933 1889 2071 1947 contra
2093 1899 2152 1948 re·
2162 1935 2179 1972 l

1267 2007 1353 2078 gem
1370 1981 1691 2061 cristianissimum.

1314 2138 1388 2196 thid.
1411 2143 1445 2198 T.
1462 2145 1489 2238 6.
1506 2163 1535 2218 Ρ.
1557 2161 1607 2218 127
1619 2147 1701 2203 -r31.

1201 2303 1449 2400 ,Lechofferz'i
1468 2324 1574 2383 tract.
1594 2310 1640 2384 de
1662 2310 1836 2388 libertate
1856 2316 2013 2415 antiqua
2036 2333 2075 2391 et
2097 2343 2156 2391 ca-

1266 2425 1404 2498 nonica
1432 2426 1603 2502 ecclefiae
1623 2429 1838 2528 gallicanae.

1312 2583 1392 2640 laid.
1413 2585 1449 2649 T,
1465 2587 1493 2640 3.
1512 2608 1540 2661 p.
1559 2585 1704 2664 277·282.

1212 2749 1312 2848 Lopl
1331 2747 1438 2850 (Jo.)
1463 2767 1570 2828 tract.
1592 2753 1638 2826 de
1654 2751 1829 2830 libertate
1847 2753 2096 2831 ecclestaslica.

1311 2909 1407 2967 Troes.
1428 2913 1503 2966 univ.
1521 2911 1582 2985 jur.
1605 2913 1639 2966 T.
1660 2914 1702 2967 13.
1717 2916 1746 2967 Ρ.
1768 2932 1791 2967 t.
1811 2933 1841 2988 p.
1859 2929 1886 2970 2.

1214 3072 1369 3144 Lolheri
1399 3073 1557 3168 (Mart.)
1595 3072 1830 3173 septuaginta
1856 3075 2154 3175 praepositiones

1226 3189 1236 3217 ““
1263 3187 1398 3288 disput.
1416 3189 1461 3263 de
1480 3191 1600 3263 tribus
1622 3191 1865 3278 hierarchiis,
1893 3190 2152 3280 ecclesiastica,

1264 3307 1440 3407 politica,
1469 3305 1727 3383 oeconomica.
1759 3309 1862 3397 1546.
1888 3317 1922 3396 4.

1219 3549 1265 3564 -
1290 3547 1338 3564 -
1359 3506 1536 3592 Traktat,
1563 3506 1643 3582 dass
1655 3531 1751 3624 'man
1767 3508 1855 3583 dem
1870 3507 1977 3580 Pabst
1993 3506 2075 3581 und
2088 3509 2155 3584 sei-

1264 3650 1355 3698 nem
1387 3625 1650 3700 Schutzherrn
1674 3625 1796 3700 wider
1822 3626 2055 3725 ungereehte
2081 3627 2157 3701 Ge-

1248 3735 1355 3836 vwalt
1391 3742 1471 3817 und
1495 3742 1636 3845 Kriege
1666 3744 1919 3820 Widersland
1949 3741 2155 3852 thunsoll.

1272 3863 1375 3954 1546.
1401 3869 1435 3952 4.
1949 3882 1961 3905 “

1219 4061 1358 4164 Ipscae
1391 4062 1551 4158 (Alex.)
1584 4063 1737 4161 epistola
1759 4062 1806 4135 de
1827 4059 2158 4160 praetenslonibus,

1269 4207 1450 4255 romanae
1486 4179 1615 4252 curiae
1647 4195 1780 4252 contra
1813 4177 2042 4251 cardinalem
2078 4176 2155 4249 Bo·

1270 4323 1421 4370 tontum.

1318 4455 1453 4531 Goldosti
1473 4455 1555 4510 Mon.
1572 4455 1609 4510 T.
1625 4455 1652 4508 3.
1669 4473 1699 4530 p.
1713 4451 1862 4530 591·.396

1219 4660 1409 4760 Monsredi
1435 4662 1535 4757 Folg.
1569 4659 1743 4761 exceptio
1775 4675 1910 4736 contra
1932 4657 2153 4734 citationem

1271 4782 1310 4856 in
1327 4776 1432 4856 causa
1449 4781 1599 4853 Veneta.

1254 4991 1258 5004 .
1316 4941 1395 4998 rosa
1415 4940 1450 4996 r.
1468 4937 1496 4996 s.
1513 4933 1705 5013 ppo-ass.

1552 5157 1589 5230 K
1615 5185 1637 5230 2
