4708 5878
222 231 297 298 210·
1065 235 1330 302 rnooantuu.
1398 213 1405 220 ’

221 412 427 494 mediocris
445 413 550 498 usus,
569 411 609 488 ni
628 413 739 512 plane
757 409 896 492 valoris
912 415 1070 490 nullius:
1091 434 1129 492 et
1145 417 1196 504 is,
1217 418 1283 520 qui
1303 418 1361 504 sle,
1383 417 1456 492 llne
1476 421 1598 518 gustu,
1619 417 1692 494 llne
1706 415 1901 518 respectu,
1933 417 2007 492 fine
2025 418 2093 494 usu
2110 419 2158 492 li-

219 536 310 612 bros
330 531 484 632 colligit,
502 531 695 612 infallibile
712 533 855 634 lignum
872 533 1096 621 manifestat,
1123 535 1161 610 in
1181 563 1259 636 quo
1277 537 1355 634 ejus
1373 538 1553 637 exiguum
1580 534 1756 637 spiritum
1791 533 1892 610 nolle
1920 534 2018 611 licet.
2048 531 2156 613 Haec

219 655 345 732 mania
361 667 469 728 tanto
492 651 611 750 major
630 653 693 738 fit.
718 651 741 728 st
761 653 947 751 ejusmodi
967 651 1076 742 libri,
1102 653 1168 754 qui
1190 679 1262 729 nec
1284 653 1469 742 absolute,
1488 653 1560 730 stre
1580 653 1618 728 in
1648 657 1702 729 se:
1722 677 1793 729 nec
1816 653 2023 753 respective
2040 654 2156 730 utiles

219 772 322 859 lunt,
341 785 676 870 coagrnentantur,
694 786 891 872 tamquam
910 771 1102 856 raritates,
1127 771 1440 848 aut-curiositates
1457 772 1668 858 laudantur,
1691 772 1934 848 admirationi
1955 798 2157 872 exponun-

217 909 300 968 tur:
323 916 387 966 eos
409 902 537 964 autam
552 913 667 966 nemo
682 889 870 990 prudens,
891 907 929 964 et
946 889 1092 990 sapiens
1117 890 1224 990 legit,
1248 906 1313 966 aut
1331 891 1455 989 legere
1480 907 1577 965 avet.
1600 889 1856 990 bibliopolae,
1881 906 1920 964 et
1945 891 2152 992 antiquarii

217 1009 318 1112 apud
335 1007 468 1084 similes
486 1005 677 1082 maniacos
701 1007 892 1108 optimum
909 1009 1076 1108 pretium
1095 1025 1317 1110 emungunt
1343 1007 1422 1105 Qui
1443 1033 1490 1082 ex
1511 1007 1749 1083 Bibliotheca
1761 1006 1830 1094 lua
1847 1009 2035 1108 proficere
2061 1009 2156 1084 deli-

216 1129 324 1214 derat
344 1126 485 1202 multas
504 1123 616 1200 debet
634 1123 834 1202 observare
851 1127 1034 1208 cautelas.
1058 1126 1292 1226 stngulariter
1312 1125 1481 1204 attendat
1499 1127 1546 1200 ad
1568 1126 1728 1226 singulos
1746 1126 1883 1246 libros,
1912 1153 1978 1228 qur
1968 1125 2150 1228 ubique

215 1273 295 1322 non
315 1242 581 1346 reperiuntur,
604 1257 663 1330 et,
682 1271 748 1344 qur
738 1243 855 1319 adl
850 1271 943 1320 uum
961 1242 1068 1320 ulum
1086 1244 1313 1324 deserviunt

252 1385 400 1458 Jam
417 1381 551 1466 redeo,
573 1381 674 1456 unde
694 1410 756 1457 me
778 1383 839 1458 ista
855 1384 1017 1482 objectio
1037 1379 1221 1471 avocavit,
1248 1401 1287 1458 et
1307 1381 1785 1459 Bibliomania.·Volebam
1808 1379 2013 1458 secundum
2034 1382 2158 1458 varie⁶

115 1527 119 1534 ·
216 1519 336 1578 tatem
355 1499 601 1574 materiarum
616 1498 834 1603 Scriptores
857 1501 1069 1602 dispertiri:
1094 1501 1177 1589 led,
1203 1502 1292 1602 quia
1311 1529 1357 1577 eo
1394 1501 1529 1576 ordine
1559 1501 1597 1574 in
1623 1527 1708 1575 mea
1729 1501 1997 1600 Enerclopedia
2031 1501 2155 1574 Seren-

216 1623 364 1706 tiarum,
410 1635 445 1692 et
478 1617 618 1692 Artrirm
642 1646 706 1693 eos
738 1619 900 1718 colligo,
936 1649 1001 1695 eos
1025 1621 1136 1706 heic,
1171 1622 1344 1696 omnium
1376 1617 1580 1718 gratissimo
1615 1618 1749 1692 ordine
1782 1618 2020 1719 alphabetico
2051 1618 2158 1692 exhi-

217 1741 308 1816 bere
336 1735 451 1812 malui
479 1735 531 1810 ita
564 1735 811 1838 simpliciter,
844 1755 889 1814 ut
932 1739 1025 1814 nulli
1065 1738 1214 1839 pondus
1259 1737 1452 1825 adderem,
1490 1737 1583 1811 nulli
1626 1736 1794 1838 pretium
1830 1736 2054 1811 demerem:
2092 1737 2156 1812 ab·

214 1858 388 1933 sinerem
422 1853 561 1942 acrili,
604 1855 650 1930 de
677 1883 763 1956 qua,
808 1872 851 1931 ut
891 1857 937 1932 de
963 1861 1091 1958 gustu,
1119 1885 1189 1932 nec
1231 1857 1307 1931 duo
1338 1856 1457 1942 facile,
1492 1855 1593 1930 idern
1623 1857 1790 1930 sormant
1813 1853 2022 1952 judicium.
2046 1880 2157 1955 prae·

216 1975 353 2079 primis
370 1973 507 2048 morosi
527 1989 707 2074 partuum
725 1972 879 2048 suorum
899 1973 1132 2060 defensores,
1161 1975 1226 2076 qui
1242 1974 1429 2076 quidquid
1448 1999 1494 2048 ex
1512 1999 1649 2048 eorum
1670 1972 1792 2073 capite
1804 1969 1814 2057 ζ
1844 1973 1904 2048 vel
1924 1959 2156 2074 manu-pro·

216 2094 290 2181 dit,
309 2092 504 2167 Palladem
522 2091 592 2166 elle
616 2107 771 2192 putant:
791 2119 837 2167 ex
855 2091 978 2168 alieno
996 2094 1139 2168 nonnisi
1158 2093 1329 2167 bubones
1347 2093 1447 2192 polle
1471 2091 1645 2191 prodire;
1676 2115 1764 2166 cum
1789 2115 1870 2164 non
1903 2075 1991 2164 raro
2018 2107 2154 2166 contra

215 2212 385 2297 eveniat,
417 2210 521 2312 quod
537 2211 691 2286 alterius
715 2227 845 2311 partus
867 2211 907 2285 s1t
927 2211 1087 2287 Palladis
1111 2211 1331 2312 progenies,
1351 2236 1486 2284 eorum
1503 2225 1630 2284 autem
1648 2208 1861 2308 generatio,
1881 2208 2046 2282 bubonis
2066 2211 2151 2308 pul-

215 2331 294 2415 lus,
318 2329 357 2402 in
377 2355 454 2429 quo
472 2328 535 2403 libi
555 2343 703 2402 tantum
722 2331 973 2428 complacent.
994 2327 1155 2428 Plebejis
1175 2328 1308 2413 etiam,
1328 2327 1431 2428 quod
1443 2328 1541 2400 lixae
1557 2343 1741 2428 coquunt,
1762 2327 1920 2401 omnino
1942 2324 2057 2426 sapit:
2083 2323 2153 2400 dil-

215 2447 353 2547 stpiunt
368 2444 527 2520 delicata
544 2445 633 2522 alias
655 2461 693 2520 et
716 2445 897 2546 exquisita
925 2444 972 2521 de
996 2447 1121 2522 mensa
1139 2447 1362 2547 Principum
1388 2445 1552 2520 bellaria.
1579 2443 1859 2530 Robulliores,¹
1880 2459 1918 2518 et
1937 2444 2152 2520 nutrientes

215 2564 471 2639 ruricularum
489 2562 604 2662 dapes
624 2562 758 2638 horret
774 2563 972 2640 Nobilium
990 2565 1170 2664 palatum.
1203 2563 1474 2667 Quistcundum
1499 2589 1642 2636 carnem
1658 2559 1771 2658 fiant,
1795 2588 1889 2665 quae
1913 2562 2154 2660 comissum,

202 2682 375 2782 sapiunt?
399 2682 466 2783 qui
479 2705 558 2754 vero
566 2677 1053 2782 fi’cundumsprir'tumsimt‚
1069 2679 1595 2786 quaesuntspiritussentrimt.
1622 2681 1732 2754 Rom.
1751 2679 1786 2767 8,
1802 2682 1837 2757 5.
1852 2679 1979 2754 scribit
1998 2681 2037 2754 S.
2056 2680 2153 2754 Pau·

213 2801 280 2874 lus.
308 2802 363 2872 lta
385 2799 577 2898 potiores,
593 2815 637 2872 ut
654 2798 857 2872 hominum
876 2799 949 2874 sert
964 2799 1152 2887 conditio,
1171 2811 1346 2876 ductores
1364 2799 1417 2874 sui
1436 2798 1555 2898 genii,
1580 2815 1616 2872 et
1637 2797 1751 2898 palati
1775 2798 1916 2873 habent
1936 2797 2151 2872 laudatores

213 2918 492 3018 vituperatores
510 2916 641 3001 alteru
659 2943 737 2990 non
755 2941 843 2990 raro
861 2917 1084 3017 stneJudrcro
1099 2917 1352 3004 dtlcrettonts
1378 2934 1579 3017 etproprn
1597 2933 1822 3016 aroumentr
1845 2915 2004 2990 Diversa
2022 2915 2147 2992 diver

150 3031 160 3042 ’
211 3034 301 3112 sos
287 3051 431 3133 Juvant
448 3034 585 3110 Trahit
604 3033 668 3109 lua
689 3059 883 3136 quemque
905 3039 1100 3136 voluptas,
1123 3035 1212 3110 stcut
1228 3035 1336 3111 ad
1294 3037 1500 3136 agendum,
1518 3051 1570 3110 sta
1587 3051 1624 3109 et
1643 3031 1957 3108 adscribendum:
1986 3033 2076 3109 sicut
2103 3035 2151 3109 ad

214 3151 476 3254 probandum,
498 3153 550 3226 tta
567 3167 607 3226 et
622 3151 669 3226 ad
685 3151 958 3252 respuendum
983 3155 1077 3256 quin
1104 3130 1232 3230 tainen
1251 3154 1337 3230 inde
1353 3153 1556 3230 necessario
1585 3152 1854 3253 consequatur,
1881 3149 2010 3226 cibum
2035 3179 2153 3252 appo-

213 3270 447 3347 sttumnullo
471 3287 582 3372 pacto
610 3269 656 3345 ad
680 3269 857 3346 alendum
884 3271 1049 3374 aliquem
1070 3271 1296 3348 conducere

222 3491 225 3500 Δ
307 3410 405 3484 Satis
423 3411 505 3484 isla!
521 3411 625 3484 Haec
646 3435 716 3508 ego
737 3410 900 3498 tentavi,
917 3437 994 3485 non
1011 3437 1090 3485 uno
1107 3428 1304 3486 momento
1328 3411 1506 3512 impulsus
1528 3409 1572 3486 ad
1596 3407 1839 3492 tentandum,
1861 3405 2146 3505 praestandum-

213 3554 297 3630 que.
324 3527 441 3626 Quod
467 3529 608 3602 horum
624 3553 702 3601 non
722 3515 934 3626 probatur?
948 3530 1089 3604 Tentat
1110 3534 1186 3628 poll
1206 3557 1266 3603 me
1284 3529 1378 3604 alius
1406 3531 1479 3602 hoc
1498 3528 1618 3628 ipsum
1637 3525 1764 3608 serius,
1790 3523 1851 3598 led
1869 3525 2075 3624 perfectius
2094 3525 2148 3598 es-

211 3645 335 3720 ficere.
369 3645 474 3718 Deus
493 3644 570 3740 eJ'us
591 3645 738 3719 labores
755 3643 943 3720 secundet.
962 3647 1058 3720 Mihi
1077 3646 1255 3732 sufficiat,
1274 3646 1490 3748 Scriptores
1510 3644 1745 3728 Carnioliae,
1765 3667 1862 3742 quos
1881 3639 2060 3764 colligere
2078 3669 2146 3742 po-

212 3762 260 3837 trs
276 3787 400 3848 eram
426 3760 655 3837 enumerasse
676 3760 859 3861 primum.
882 3763 1075 3850 Sufficiat,
1101 3763 1154 3838 lat
1177 3763 1364 3865 superque
1388 3762 1550 3836 sufficiat
1576 3761 1690 3847 mihi,
1716 3759 1831 3833 frisse
1856 3774 2015 3834 conatus
2038 3785 2149 3834 meus

212 3881 273 3957 vel
291 3897 441 3983 partem
466 3879 753 3980 approbationis
778 3879 878 3980 apud
905 3897 1055 3962 exteros
1075 3881 1224 3966 tulerit,
1254 3907 1370 3983 quam
1393 3879 1575 4012 ejusmodi
1601 3876 1803 3978 specimina
1828 3877 1987 3974 aliarum
2014 3877 2146 3952 Natio·

214 4025 309 4076 num
325 3999 427 4140 apud
451 3999 641 4075 Nostrates
660 3998 836 4072 retulere.
861 3997 963 4074 Dixi.
