4708 5878
681 305 939 366 naremnnca
967 305 1171 366 sommum
1198 305 1238 362 x.
1265 304 1340 364 sun
1367 305 1543 366 urrann
1570 293 1619 366 K.

182 494 397 570 Carnioliae
412 486 668 572 Provincialis,
693 488 727 560 J.
754 488 801 560 U.
828 487 878 562 D.
899 500 936 560 et
955 483 1115 560 Provin-

181 612 260 686 ciae
279 609 495 685 Ca'rnioliae
510 604 729 682 Secretarii:

231 750 445 848 Drsqarjitro
460 747 503 819 da
519 745 695 817 Nalh'tate
705 767 847 840 paenae
862 740 1113 812 extraordina-

182 871 261 940 riae
279 870 317 938 in
336 867 484 938 crirrn'na
496 867 617 961 pleno,
639 885 711 932 non
726 859 887 959 probato.
916 857 1113 955 Oenipon-

181 985 210 1056 ti
229 1000 310 1082 typ.
332 985 441 1057 Joan.
467 981 539 1053 Th.
562 981 609 1055 de
631 980 839 1052 Trattnern
871 975 974 1070 1778.
1001 974 1038 1046 in
1056 976 1089 1046 8.

228 1121 395 1196 KAPPUS
432 1121 560 1219 (Joan.
584 1119 739 1214 ὅσονόν.)
770 1113 992 1187 Labaeensls
1013 1128 1115 1186 exte-

180 1238 294 1311 rioris
310 1237 545 1336 Magistratus
563 1233 725 1326 civitatis¹
750 1230 932 1316 membri,
958 1231 1113 1329 ejusque

182 1381 219 1456 p.
237 1371 263 1428 t.
290 1353 588 1438 subcamerarii,
617 1352 767 1451 posthac
787 1374 879 1423 vero
898 1347 1089 1422 Consulis:

232 1490 496 1592 Panegyricus,
523 1489 588 1565 das
606 1491 665 1563 ist:
692 1487 875 1586 klagtiche
897 1485 1117 1558 Dant-Re-

182 1610 227 1682 de
238 1609 341 1684 eines
351 1608 556 1718 Ehrsamen
573 1605 717 1681 dussern
726 1604 844 1678 Raths
861 1600 979 1676 dieser
990 1604 1017 1673 F
1018 1602 1117 1675 ttrsll.

183 1727 313 1826 Haupt
356 1772 372 1786 -
413 1725 521 1800 stadt
549 1723 749 1822 Laybach‚
809 1723 905 1796 tiber
934 1718 995 1793 die
1030 1743 1118 1791 aum

184 1843 292 1944 Leyd
319 1843 549 1940 bewegende
577 1841 816 1940 Ressgnation
844 1839 909 1912 des
928 1837 1020 1910 Edel
1041 1839 1118 1909 Ve-

181 1967 258 2034 slen
273 1959 404 2033 Wohl
428 1960 582 2046 welfeh,
608 1951 686 2032 und
714 1959 743 2028 F
746 1955 970 2053 tirfichtigen
988 1955 1115 2028 Herrn

183 2078 332 2152 Johann
349 2077 512 2176 Baptista
523 2076 757 2173 Dolnitscher
778 2088 850 2148 etc.
867 2072 983 2146 seines
1004 2073 1116 2170 drey-

178 2197 351 2296 jtthrigen
369 2195 455 2267 lobs.
473 2194 675 2292 gesdhrten
695 2191 845 2276 Ambra,
873 2189 909 2262 so
931 2215 993 2262 arn
1011 2189 1115 2286 Tage

185 2312 265 2386 dess
291 2313 461 2412 Apollels
481 2311 615 2386 Jacobi
643 2309 722 2385 dess
753 2311 853 2404 1670.
879 2307 1018 2391 Jahn,
1053 2305 1121 2380 aus

185 2429 271 2503 detn
289 2428 453 2528 allhiellg
469 2429 632 2527 burgerl.
650 2422 900 2501 Rath-Hauss
915 2423 956 2496 ist
980 2424 1117 2498 dffent-

185 2546 258 2618 lich
282 2546 523 2646 produciret,
549 2546 628 2618 und
652 2545 826 2643 gehalten
848 2541 1007 2616 worden
1035 2539 1116 2613 MS.

182 2665 221 2736 in
248 2669 280 2752 4.
315 2659 548 2738 Γετναῑυνῖη
572 2661 742 2736 archivio
775 2661 902 2734 curiae
928 2655 1115 2742 civitatis3

181 2780 271 2882 quia
295 2781 572 2854 Dolnitscherus
589 2796 721 2854 contra
737 2796 874 2878 typum
890 2780 1113 2876 protestatus

183 2903 242 2974 esl.
283 2899 455 2996 Vahasor
483 2899 543 2973 lib.
577 2901 643 2972 Vl.
677 2923 758 2996 pag.
792 2898 872 2992 359.
909 2893 968 2966 sed
996 2919 1113 2992 quare

180 3019 260 3114 post
277 3015 355 3112 ejus
374 3015 522 3090 obitum
541 3042 619 3089 non
638 3013 744 3089 venit
764 3013 810 3086 ad
831 3011 977 3085 lucem?
1033 3087 1042 3101 ,

229 3155 395 3227 usipus
448 3152 514 3252 (a.
531 3121 778 3243 materani
829 3149 943 3224 carn
969 3177 990 3222 e
1016 3150 1053 3223 s.
1079 3151 1113 3224 J.

182 3271 422 3356 Missionarii,
450 3287 488 3344 et
507 3269 623 3344 totius
643 3266 827 3341 Missionis
855 3267 894 3342 in
911 3266 1114 3346 Provincia

185 3389 323 3461 Sanora
341 3385 568 3488 Praepositi:
691 3395 694 3404 '

230 3526 396 3626 Epistola
411 3525 575 3621 adsuunt
594 3525 640 3598 D.
652 3525 809 3596 Fratrem
819 3523 928 3598 Joan.
954 3523 1111 3621 Kappus,

183 3642 395 3718 Carnioliae
411 3641 707 3727 Provincialem‚
735 3642 887 3740 Metapa
907 3638 946 3714 in
962 3638 1114 3713 Ameri-

188 3785 230 3833 ca
254 3759 535 3862 septentrionali
563 3758 694 3843 missa.
737 3775 808 3833 ext.
837 3759 876 3831 in
912 3759 1113 3830 Stacchlein

153 3941 154 3946 ,
184 3879 389 3961 Weltboth
417 3878 529 3951 Parte
556 3880 601 3950 ll.
634 3873 699 3950 sub
726 3901 808 3949 nro.
835 3875 892 3950 56.
926 3876 1112 3974 Augustae

181 3994 407 4068 Vindelicor
444 3994 482 4066 in
508 3993 570 4067 sol.
602 3993 706 4090 1728.

228 4153 438 4226 KARCHNE
464 4151 529 4251 (P.
552 4153 734 4247 Srinonrs)
763 4149 876 4224 Carni
896 4150 1111 4248 Vippacen·

185 4271 229 4345 sls
245 4272 312 4345 εδ.
331 4273 365 4345 J.
384 4271 466 4342 ΛΑ.
479 4269 563 4342 LL.
574 4284 612 4344 et
631 4267 725 4342 Phil.
743 4293 785 4340 ac
801 4269 837 4340 S.
850 4267 894 4340 T.
904 4267 1115 4366 D.ejusque

184 4391 222 4462 in
246 4387 497 4466 Universttate
518 4385 715 4461 Graecensl
734 4383 966 4471 Prosessoris‚
993 4385 1115 4458 Deca-

180 4507 246 4595 ni,
274 4533 316 4581 ac
333 4506 486 4581 demum
503 4503 726 4580 Cancellarii
741 4501 941 4602 magnifici,
970 4503 1115 4577 Acade-

184 4621 273 4698 mici
293 4623 469 4724 Operofi:
1000 4713 1005 4727 .

233 4765 270 4860 a)
298 4761 460 4860 Priffi'mi
474 4761 625 4858 ψοίας
642 4761 681 4832 in
699 4758 815 4832 Deam
831 4757 955 4853 hausti
966 4783 1014 4830 aa
1023 4755 1114 4853 fcin-

182 4879 276 4952 tibas
291 4881 527 4964 aeternitatis,
551 4905 600 4952 es
616 4877 651 4952 S.
670 4873 865 4975 Augustriri
881 4874 1116 4972 COHfisfilet

185 4997 250 5070 bus
263 4998 408 5094 sincere
429 4998 565 5069 delecti.
603 4995 735 5067 Graec.
766 4997 870 5094 1699.
906 4992 945 5065 in
978 5019 1029 5065 12.
1067 4991 1114 5090 h)

167 5111 463 5213 Drffirtationes
479 5115 524 5189 de
540 5111 688 5187 Actibus
702 5111 874 5186 humanis
892 5136 969 5186 cnm
982 5112 1120 5212 sarmoi-

2054 293 2124 364 255

1183 483 1260 584 'ph‘s
1297 485 1518 584 Theologme
1540 486 1714 570 Moralis,
1759 500 1796 558 et
1819 483 1961 584 duplici
1990 485 2123 559 indice.

1189 604 1286 700 Aug.
1306 603 1540 678 Vindelicos.
1565 620 1603 683 et
1633 605 1764 676 Graec.
1799 605 1900 699 1716.
1929 603 1967 675 in
1992 609 2023 692 4.
2048 603 2124 678 De-

1188 719 1331 796 dicatae
1350 723 1474 797 Rdrno
1494 725 1539 796 D.
1557 721 1693 794 Jacoho
1714 721 1908 820 Sahilling,
1930 721 2123 814 Canonico

1189 839 1414 924 Labacensr,
1466 867 1501 940 p.
1530 856 1555 912 t.
1594 838 1822 914 Academiae
1859 839 2123 937 Operosorum

1188 955 1350 1030 Praestdi
1371 973 1440 1031 etc.
1467 959 1503 1052 c)
1531 958 1661 1056 Stylus
1681 959 1807 1030 curiae
1823 955 2031 1056 supremae,
2049 959 2121 1032 stre

1188 1074 1337 1148 consilia
1371 1074 1499 1148 divina
1535 1075 1721 1148 humanae
1751 1074 1889 1148 rationi
1922 1077 2122 1174 proposta.

1189 1191 1351 1277 Graecii‚
1373 1218 1474 1288 ¹707·
1504 1191 1542 1264 in
1563 1211 1617 1265 12.

1238 1331 1417 1404 KARNER
1452 1357 1475 1403 a
1499 1329 1690 1428 Karnbarg
1740 1329 1876 1428 (Jaan.
1901 1333 2011 1428 Jac.)
2062 1359 2122 1429 ge-

1191 1445 1406 1522 schworner
1436 1447 1789 1522 Buchhalterischer
1817 1447 2125 1534 hait-Officier,

1194 1564 1271 1638 und
1290 1566 1480 1665 Canaley·
1494 1564 1687 1666 ingroslisl.
1705 1561 1955 1640 Academicus
1972 1566 2123 1666 Opero-

1192 1682 1250 1755 sus
1278 1683 1316 1755 in
1343 1683 1546 1782 Laybach‚
1574 1683 1638 1758 hat
1657 1682 1904 1782 versertiget,
1931 1685 2010 1758 und
2033 1712 2122 1760 zum

1191 1801 1323 1874 Druck
1340 1799 1534 1874 besddert:

1240 1941 1287 2033 a)
1320 1935 1463 2034 Tauffch
1481 1985 1496 1998 -
1513 1940 1590 2011 arrd
1620 1939 1867 2036 Crathertscha
1898 1940 2125 2039 Wehrangs-

1197 2057 1449 2160 Veratndernng
1460 2050 1528 2138 etc.
1539 2057 1657 2155 Layb.
1677 2055 1750 2155 bey
1760 2054 1989 2132 Jos.Thadd.
2002 2059 2124 2158 Mayr.

1194 2175 1297 2271 1687.
1333 2173 1370 2246 in
1398 2176 1430 2246 8.
1457 2173 1633 2271 oblongo
1668 2174 1795 2247 Editio
1812 2174 2056 2249 'emendatior
2078 2203 2125 2249 ex

1191 2290 1321 2365 eadem
1339 2291 1595 2390 typographia
1611 2291 1756 2389 prodiit
1784 2319 1887 2388 1701.
1913 2292 1952 2364 in
1974 2307 2006 2375 8.
2024 2293 2126 2366 ordi·

1190 2435 1270 2482 nar.
1296 2408 1345 2503 b)
1373 2410 1474 2509 Drey
1497 2424 1594 2480 trane
1621 2407 1826 2496 Nationes,
1873 2410 2017 2484 welche
2040 2409 2125 2485 eine
2232 2425 2237 2430 “

1192 2527 1260 2600 der
1294 2525 1435 2600 andern
1468 2505 1657 2600 wahrhast
1690 2524 1900 2625 andeutet:¹
1938 2528 2011 2602 wie
2042 2527 2126 2604 ihre

1191 2645 1360 2718 Miinaen
1389 2643 1426 2718 in
1452 2643 1575 2718 ihrem
1602 2643 1745 2730 Landt,
1780 2643 1993 2744 gieh·und
2010 2645 2124 2745 gehig

1190 2761 1277 2836 find.
1304 2762 1425 2860 Layb.
1458 2787 1560 2858 ¹700·
1588 2759 1628 2833 in
1643 2762 1676 2834 8.

1236 2901 1382 2972 KARPE
1410 2901 1552 2994 (Fauna.
1568 2899 1764 2995 Samuelis)
1782 2899 1865 2973 ΑΛ.
1881 2899 1961 2972 LL.
1977 2915 2016 2972 et
2029 2898 2125 2971 Phil.

1186 3015 1368 3090 Doctoris
1388 3014 1488 3090 Caes.
1509 3015 1617 3114 Regii
1639 3016 1809 3114 primurn
1835 3014 1873 3089 in
1893 3013 2121 3090 Universlta-

1187 3151 1225 3208 te
1253 3133 1512 3218 olomucensi,
1546 3135 1623 3227 jam
1647 3133 1686 3206 in
1710 3133 1913 3206 Viennensi
1938 3132 2122 3208 ordinarii

1188 3251 1361 3348 Logices,
1389 3249 1676 3348 Metaphyslces‚
1703 3265 1740 3324 et
1757 3247 2022 3349 Philosophiae
2042 3275 2124 3325 mo-

1162 3435 1166 3444 .
1187 3368 1275 3442 ralis
1301 3365 1545 3452 Professoris.
1574 3366 1652 3440 nali
1679 3366 1853 3464 Glajnicii
1874 3367 1913 3440 in
1938 3366 2123 3441 Parochia

1187 3485 1225 3559 S.
1244 3483 1346 3558 Petri
1366 3499 1471 3558 extra
1489 3509 1621 3558 muros
1638 3482 1880 3568 Labacenses‚
1908 3483 2009 3558 intra
2025 3510 2122 3584 quos

1187 3601 1475 3675 humanioribus
1493 3599 1628 3675 litteris
1645 3599 1684 3675 in
1701 3599 1892 3701 gymnafio
1909 3602 1948 3680 8.
1961 3604 1995 3676 J.
2012 3628 2122 3676 vaca-

1188 3719 1255 3803 vit,
1281 3717 1494 3792 universam
1510 3707 1794 3819 Philosophiam
1814 3717 1983 3795 defendit
2000 3719 2122 3820 publi-

1188 3863 1230 3909 ce
1247 3853 1284 3910 et
1299 3836 1458 3910 lhenam
1474 3837 1521 3910 ad
1535 3837 1640 3910 Juris
1659 3837 1861 3936 collegium
1885 3836 1920 3912 se
1941 3837 2119 3924 contulit,

1187 3953 1327 4028 affectu
1346 3953 1386 4026 in
1408 3951 1691 4053 Philosophiam
1712 3953 1861 4055 semper
1881 3951 2047 4028 servato:

1234 4113 1272 4210 a)
1299 4111 1559 4212 Argumentum¹
1578 4114 1788 4186 tentaminis
1815 4138 1865 4184 ea
1883 4109 2120 4212 Philosophia

1186 4231 1366 4303 rationali
1394 4228 1432 4302 in
1465 4229 1668 4330 conspectu
1699 4228 1860 4302 tabulari
1893 4228 2116 4324 exhibitum.

1173 4345 1403 4433 ·Olomucii‚
1431 4347 1533 4444 1776.
1570 4345 1610 4418 in
1632 4348 1664 4420 8.
1691 4345 1737 4444 b)
1771 4347 1887 4420 lh'lum
1910 4351 2122 4422 tentaminis

1188 4491 1237 4538 ea
1254 4461 1492 4563 Philosophia
1502 4461 1738 4562 speculamina.
1764 4463 1939 4538 Olomuc.
1960 4467 2062 4563 1776.
2084 4465 2123 4538 in

1190 4599 1225 4668 8.
1235 4581 1271 4678 c)
1282 4579 1400 4656 Varia
1412 4577 1548 4681 scripta
1563 4579 1828 4682 Philosophica
1838 4597 1943 4656 tenet
1958 4582 1997 4654 in
2010 4582 2122 4683 MSS.

1235 4761 1578 4844 Kaurscnrrscn,
1612 4759 1701 4834 alias
1721 4759 1920 4834 Kanzhtzt
1939 4759 2000 4862 (P.
2019 4761 2122 4862 Am.)

1189 4877 1300 4952 Carn.
1334 4877 1489 4952 ldriena.
1522 4903 1542 4952 e
1569 4875 1606 4949 S.
1633 4877 1669 4950 J.
1688 4878 1774 4954 ΛΑ.
1799 4875 1879 4950 LL.
1905 4893 1941 4952 et
1960 4879 2057 4964 Phil.
2076 4905 2121 4954 ac

1188 4996 1226 5069 8.
1245 4995 1287 5066 T.
1304 4995 1351 5068 D.
1367 4993 1507 5078 sublata
1531 4993 1722 5068 Societate
1741 4993 1912 5070 Viennae
1941 4995 1979 5068 in
2005 4997 2125 5072 Curia

1188 5110 1510 5218 Archiepiscopali
1537 5111 1693 5201 Levita,
1721 5113 1872 5214 posthac
1894 5111 2009 5189 Rdmi
2033 5116 2123 5216 Epi·
