4668 5872
907 177 1312 282 -,·(0“)····
1471 217 1475 228 ’
2032 202 2075 260 'V

145 377 223 454 dr'sc.
242 373 329 454 Ord.
357 373 516 478 proselli
532 372 672 477 adjeci,
705 373 811 477 cujus
836 373 1139 480 manuscriptum
1169 377 1217 452 ab
1241 373 1320 478 ipsa
1342 372 1510 452 auctoris
1526 385 1864 452 manuexaratum
1885 380 1966 480 post
1988 379 2069 480 ejua

143 529 299 591 mortem
316 520 479 592 noslrae
489 515 744 592 bibliothecae
760 515 922 606 acceint;
947 542 1028 592 non
1045 517 1140 594 levis
1157 531 1261 592 certe
1278 514 1464 590 momenti
1482 515 1558 591 hoc
1574 541 1673 616 opua
1690 515 1868 592 omnibus
1890 517 1964 593 illis
1980 517 2066 606 erit,
2188 555 2190 562 ·
2229 484 2232 492 .

144 655 271 756 quibus
286 655 460 731 studium
484 653 659 732 historiae
682 655 828 758 patriae
842 627 988 732 nostrae
1004 655 1112 732 cordi
1129 659 1198 743 eli3
1224 649 1407 756 permulti
1425 652 1529 730 enim
1549 678 1686 730 eorum
1711 655 1781 754 ⁶⁹)
1767 681 1845 774 qam
1861 672 2064 758 optarunt,

141 808 179 867 ut
197 771 446 894 praeclarum
467 795 543 868 hoc
566 793 792 870 eruditionis
806 811 1102 872 monumentum
1116 809 1261 896 quanto
1287 793 1399 868 citius
1424 793 1463 868 in
1488 791 1598 868 usum
1615 792 1814 920 publicum
1833 795 1937 896 typis
1956 787 2122 872 exhi-

141 931 287 1020 beatur;
317 933 480 1008 illorum
497 932 689 1026 desideriis
711 933 870 1034 ipsemet
888 960 991 1008 nunc
1017 961 1064 1009 eo
1086 932 1265 1008 libentius
1282 930 1516 1032 respondeo,
1543 932 1763 1006 cuntetiam
1786 931 1826 1006 in
1840 933 1911 1008 hac
1928 933 2066 1010 biblio

141 1068 244 1145 theca
269 1045 492 1146 Carnzoliae
507 1098 588 1146 non
607 1072 742 1173 exigua
759 1072 948 1148 librorum
965 1099 1080 1176 pars
1070 1070 1117 1147 ad
1134 1070 1341 1148 secundum
1363 1069 1553 1146 saeculum
1578 1070 1903 1171 typographicum
1925 1099 2066 1176 nempe
2152 1047 2160 1126 l

141 1208 182 1284 ab
203 1209 251 1284 A.
279 1210 389 1312 1537.
420 1237 541 1313 usque
571 1211 676 1288 1636.
710 1211 888 1288 inclusive
911 1210 1063 1313 spectet.
1088 1209 1305 1332 Adjungam
1326 1235 1445 1311 porro
1466 1236 1534 1284 um
1523 1206 1799 1326 sequentium
1823 1209 2067 1290 voluminum

142 1347 246 1444 hujus
263 1351 432 1451 catalogi
448 1351 561 1426 aliam
575 1347 847 1426 bibliothecam
864 1351 1034 1426 hucdum
1051 1348 1245 1436 ineditam,
1271 1377 1370 1451 quae
1389 1349 1440 1424 ob
1453 1347 1724 1450 praestantiam
1741 1349 2066 1428 collectaneorum

140 1488 348 1590 praecipue
367 1488 476 1564 studii
497 1489 758 1565 mathematici
776 1489 986 1566 cultoribus
1005 1515 1084 1564 non
1103 1488 1323 1592 displicebit.

334 1731 515 1832 Superest
538 1731 634 1806 mihi
654 1731 901 1832 caeteroquin
929 1731 1026 1806 nihil
1047 1731 1206 1820 addere,
1233 1758 1348 1834 quam
1374 1731 1477 1833 quod
1500 1731 1648 1832 semper
1673 1729 1794 1805 oslicii
1817 1729 1892 1806 mei
1915 1757 2067 1810 memor

143 1879 216 1942 tarn
231 1893 309 1970 pro
337 1869 545 1946 commodo
566 1867 712 1946 nostrae
739 1861 1011 1955 bibliothecae,
1037 1897 1154 1972 quam
1178 1897 1252 1972 pro
1276 1868 1471 1946 communi
1494 1869 1551 1946 rei
1575 1869 1781 1945 litterariae
1802 1870 2067 1966 utilitate'hoc

142 2007 309 2108 catalogo
327 2007 633 2112 bibliographico
659 2009 746 2111 plus
766 2013 956 2111 praeliare
979 2008 1203 2098 defiderent,
1238 2035 1354 2111 quam
1389 2008 1489 2084 forte
1516 2033 1623 2084 ame
1649 2006 1691 2082 in
1710 2005 1868 2083 decursu
1895 2010 2068 2114 quinque

144 2169 333 2223 annorum
350 2148 558 2250 exspectari
575 2149 724 2250 potuit3
751 2148 841 2223 hinc
858 2162 897 2223 et
913 2146 1032 2250 ipsam
1048 2141 1160 2248 hujus
1180 2147 1338 2249 catalogi
1365 2146 1599 2233 editionem,
1633 2161 1679 2220 ut
1699 2145 1778 2245 jam
1793 2147 2069 2247 praecedenter

147 2287 467 2376 commemoravi,
495 2287 542 2364 ad
575 2303 731 2362 centum
746 2286 869 2362 solum
884 2287 1117 2388 exemplaria
1139 2285 1325 2375 restrinxi,
1352 2302 1396 2362 ut
1415 2283 1540 2362 omnia
1563 2284 1738 2361 utilitatis
1761 2285 2071 2396 privataesuspiq

147 2421 202 2497 cio
227 2425 386 2526 penitus
416 2425 647 2502 eliminetur.
700 2425 886 2502 Gratulor
907 2425 1003 2500 mihi
1037 2423 1141 2526 ipse,
1182 2425 1286 2528 quod
1306 2426 1382 2501 sola
1399 2423 1520 2500 officii
1544 2449 1636 2500 cura
1657 2450 1721 2499 me
1744 2440 1881 2528 utpote
1899 2424 2068 2505 subsidiis

144 2557 339 2641 uberrime
364 2564 588 2640 instructum
613 2563 660 2640 ad
679 2589 777 2666 opus
802 2565 922 2640 hocce
940 2562 1179 2640 subeundum
1201 2564 1416 2667 impulerit;
1453 2589 1564 2652 narn,
1598 2563 1773 2666 quamvis
1804 2565 1934 2643 nullus
1956 2567 2069 2670 prelo

147 2698 239 2776 liber
260 2704 487 2807 praesertim
504 2703 543 2779 in
556 2704 632 2778 hoc
648 2702 824 2779 scientiae
840 2729 979 2804 genere
998 2701 1209 2792 emerserit,
1237 2729 1354 2806 quem
1374 2701 1458 2804 pari
1474 2727 1608 2778 ornnes
1628 2701 1809 2804 opinione
1825 2703 2068 2794 admiserunt,

149 2865 192 2914 ex
207 2843 393 2919 continno
410 2860 539 2919 tamen
560 2842 868 2940 adjumentorum
883 2823 1159 2920 litterariorum
1175 2840 1245 2918 usu
1260 2841 1356 2917 mihi
1376 2840 1525 2919 abunde
1542 2845 1701 2928 constat,
1726 2841 1829 2918 hunc
1853 2845 2069 2946 catalogum

147 2995 188 3054 ut
211 2981 408 3059 absonum
424 2981 676 3082 inutilemque
699 2997 802 3056 certe
825 2973 1025 3084 nimquam
1050 2973 1270 3084 projectum
1294 2980 1369 3072 iri,
1411 2997 1531 3083 prout
1552 3007 1712 3082 magnae
1743 2981 1844 3084 parti
1880 2982 2069 3060 librorum

149 3123 272 3198 nollro
301 3129 480 3223 ternpore
502 3120 613 3222 p'relb
643 3118 922 3221 emergentium
948 3119 1111 3209 accidit,
1156 3119 1223 3222 qui
1246 3147 1270 3196 a
1290 3118 1445 3221 spongia
1470 3100 1518 3195 ad
1546 3119 1727 3221 pulveres
1752 3119 2067 3223 oblivionemque

150 3256 306 3352 abeunt,
331 3259 506 3362 nullique
520 3258 675 3361 prorsus
698 3260 780 3356 usui
804 3257 1022 3336 inserviunt.
1070 3256 1327 3334 Finiendabia
1351 3260 1400 3332 est
1421 3255 1607 3357 praefatio
1628 3282 1732 3344 mea,
1760 3283 1858 3358 quae
1879 3258 1958 3357 jam
1984 3287 2068 3336 cae·

48 3499 49 3506 ¹
150 3397 203 3494 pit
224 3399 528 3516 esleverbofior,
554 3424 670 3516 quam
688 3398 939 3486 institueram
965 3425 1026 3473 res
1052 3398 1181 3499 potius
1205 3395 1283 3499 ipsa
1301 3396 1492 3499 loquatur.
1541 3393 1680 3499 Scriph
1706 3393 1745 3471 in
1770 3393 2003 3474 bibliotheca
2021 3397 2065 3478 C.

153 3535 192 3610 ll.
210 3537 439 3618 Academiae
461 3537 710 3617 Therellanae
732 3537 860 3614 Idibus
886 3537 979 3640 May
1004 3535 1251 3614 MDCCClll.

240 4857 282 4930 ⁸)
315 4852 367 4916 Cl.
400 4853 433 4918 d.
459 4855 581 4918 Alter
609 4854 829 4922 bibliothecae
856 4851 894 4917 C.
918 4854 960 4918 tt.
993 4853 1250 4924 vindobonensis
1277 4852 1492 4918 universitatit
1518 4849 1620 4914 cultor
1646 4851 1679 4912 in
1708 4849 1875 4913 annalibus
1906 4823 2068 4914 austriacis

152 4953 350 5020 litteraturae
376 4972 410 5019 et
426 4960 541 5022 artium
565 4979 626 5046 pro
650 4959 755 5022 mense
775 4959 870 5048 Majo
893 4957 988 5022 1803.
1012 4981 1046 5046 p.
1070 4979 1140 5044 ²7¹·
1164 4958 1387 5046 biographiam
1406 4955 1441 5018 P.
1464 4955 1604 5018 Marci
1627 4953 1752 5029 edidita
1782 4973 1957 5040 omnesque
1982 4955 2069 5040 quali
2204 5003 2208 5012 .

153 5063 285 5124 notitiae
302 5061 526 5149 biograpbicar
541 5085 584 5127 ex
598 5063 664 5128 hoc
680 5065 896 5152 manuscripto
914 5065 973 5152 ipsi
992 5063 1132 5140 adhunc
1153 5063 1286 5152 scopum
1303 5061 1538 5126 communicato
1563 5060 1674 5123 hausit.
