4616 5864
200 443 299 538 ‘ltin
333 446 608 523 nominatima
640 446 847 547 Valeasona
870 449 955 523 Lib.
984 453 1051 526 Vl.
1071 476 1155 549 pag.

217 569 301 686 364.
338 565 393 640 lui
420 565 622 650 Chronici,
656 581 694 640 et
715 561 802 690 alibi
825 565 974 668 pallim:
1002 568 1156 644 aTlial-

214 687 341 784 bergio
356 689 503 769 nollro,
529 682 589 758 led
607 701 643 757 et
658 683 705 756 ab
727 685 885 772 exteris,
912 702 956 759 ut
977 685 1154 764 aMarra-

68 827 70 834 ’
215 806 272 876 cio
286 803 324 875 in
341 801 551 901 appendice
569 801 653 876 luae
668 800 927 900 Polyantheae
941 803 1153 880 Marianae:

215 920 456 994 Bibliotheca
480 919 594 994 etiam
614 919 788 994 Mariana
807 949 890 1022 pag.
914 925 972 1000 65.
996 940 1064 998 etc.
1078 941 1152 1031 etc.

262 1067 572 1197 SCJlOENLEBEN
607 1098 854 1212 (ladovicus)
888 1102 1029 1178 Parens
1049 1122 1153 1178 ante-

216 1218 408 1304 cedentis,
437 1217 575 1294 Consul
593 1218 698 1292 urbia
726 1217 947 1294 Labacenae
970 1220 1145 1338 leripfita
1183 1279 1191 1290 .

259 1359 358 1432 Jahr
380 1404 396 1415 -
423 1353 604 1454 Schriften
630 1358 694 1429 des
720 1359 987 1456 Herzogtliams
1017 1364 1153 1448 Crocia,

212 1481 294 1552 aufs
331 1477 476 1548 kfirzess
508 1474 906 1574 zialammengetragen
933 1506 999 1552 aus
1021 1471 1156 1554 aner-

177 1687 180 1692 Ι
211 1593 439 1668 lchidlichen
479 1593 688 1680 Authorn‚
725 1593 856 1668 Sowol
891 1597 1153 1693 gedruckten,

213 1710 387 1786 alslland
404 1709 673 1808 geschribenen
683 1711 1152 1796 Verzeichnullen.Durch

135 1816 138 1830 ⁴
210 1832 342 1905 Herm
382 1815 597 1928 Ludwigen
630 1830 895 1906 Schoenleben
930 1831 998 1906 der
1032 1835 1154 1909 Fort-

142 1986 150 2013 ι
211 1947 487 2042 Haubtfstadt
504 1947 692 2049 Laybach
705 1953 887 2047 gewellen
911 1951 1154 2054 Burgermai-

208 2073 302 2169 her,
330 2065 444 2139 vnnd
473 2065 783 2141 Statthanbtman
810 2068 924 2140 Anno
952 2071 1054 2144 1660.
1071 2073 1154 2144 MS.

210 2185 295 2260 Ubi
306 2185 380 2257 hoc
403 2184 485 2256 MS.
502 2184 640 2282 jaceat,
668 2185 727 2258 vel
749 2212 826 2285 quo
846 2186 1061 2272 devenerit,
1088 2216 1154 2264 ne·

210 2329 277 2376 mo
298 2302 392 2376 mihi
411 2327 584 2400 unquam
602 2302 745 2374 referre
773 2303 908 2400 potuit.
934 2307 1015 2403 Ego
1032 2334 1152 2380 unum

211 2419 347 2494 solium
376 2417 479 2503 vidi,
507 2417 610 2518 quod
636 2444 682 2490 ex
708 2418 767 2490 his
785 2420 1025 2496 collectaneis
1046 2423 1152 2498 abre-

86 2525 91 2531 *
207 2553 320 2638 ptum
337 2536 430 2622 tuit,
462 2536 500 2608 in
522 2562 600 2634 quo
618 2534 742 2608 varias
760 2537 938 2636 expensas
956 2541 1152 2639 cujusdam

208 2653 302 2734 civis
342 2652 570 2726 Labacenlts
596 2678 669 2752 pro
693 2653 808 2727 rebus
841 2653 914 2728 suis
942 2657 1151 2734 domesticis

207 2770 334 2847 mense
356 2769 578 2871 Septembri
595 2797 653 2844 an.
674 2773 776 2859 1462.
793 2773 907 2846 lactas
929 2776 1054 2872 legere
1071 2795 1151 2852 erat

209 2892 311 2978 inter
330 2887 421 2962 alia:
450 2866 517 2960 deri
531 2887 780 2984 leamasliter,
794 2887 897 2984 fian
921 2895 1044 2968 Stinde
1062 2899 1150 2968 mei-

107 3091 110 3098 ,
208 3035 290 3082 nem
308 3009 382 3080 San
398 3013 432 3096 4.
455 3003 730 3079 lebarbezalzlt.
757 3009 872 3081 Anno
902 3013 1004 3106 1786.
1024 3013 1149 3112 legen-

207 3126 257 3200 do
275 3124 389 3199 incidi
406 3126 448 3198 in
466 3125 577 3198 Tom.
599 3124 664 3216 lll.
690 3151 774 3224 pag.
793 3133 877 3226 984.
912 3127 954 3204 P.
973 3129 1152 3231 leopoldi

206 3243 361 3318 Graberi
385 3243 558 3318 Piarillae
582 3241 623 3316 in
640 3243 743 3331 hanc
761 3243 897 3330 fidem,
935 3273 1032 3347 opus
1052 3275 1146 3348 ergo

204 3361 289 3436 hoc.
317 3361 402 3439 MS.
427 3362 466 3434 in
498 3359 671 3436 manibus
694 3361 734 3434 P.
753 3362 938 3449 Gruberi,
975 3366 1035 3440 vel
1067 3361 1146 3440 Dni

204 3479 364 3554 Wendt
381 3478 426 3568 de
446 3477 731 3564 Wendenthal,
758 3479 820 3554 vel
838 3481 991 3557 alterius
1008 3511 1144 3560 eorum

203 3597 317 3673 amici
338 3595 408 3672 elle
429 3596 576 3696 collegi.

256 3778 480 3852 SCHOETEL
505 3776 569 3874 (P.
584 3778 689 3850 Joan.
707 3777 837 3877 Bapt.)
864 3805 885 3852 e
905 3745 990 3852 Soc.
1008 3781 1043 3856 J.
1062 3781 1144 3854 Ma-

204 3898 418 3971 thematum
443 3911 482 3970 et
505 3894 770 3995 Philosophiae
803 3895 841 3969 in
867 3895 998 4012 Lyceo
1023 3898 1144 3974 Laba-

204 4014 300 4090 cenlt
316 4013 537 4088 Profelloris
558 4014 712 4112 publici.

256 4155 300 4250 a)
351 4151 434 4226 Das
460 4153 715 4227 odebentliclie
742 4151 1065 4252 Kandsclrastsblat
1094 4161 1144 4230 ina

186 4271 449 4372 'Herzagtlmrn
477 4271 606 4345 Krariz.
627 4275 751 4370 ·1775.
777 4289 815 4345 et
843 4275 896 4370 76.
947 4271 1025 4347 Das
1051 4281 1143 4352 erlle

204 4389 1146 4491 ZeitungsblatimllerzogthumKrayngedruckt

202 4509 282 4584 und
309 4510 455 4608 verlegt
481 4535 559 4583 von
587 4509 896 4594 Joh.,Friedrich
921 4516 1024 4608 Eget
1049 4509 1088 4583 in
1110 4517 1143 4602 8.

202 4627 245 4725 b)
275 4625 545 4726 Observationes
570 4627 716 4701 Veneris
726 4654 796 4728 per
809 4631 944 4704 diacum
964 4633 1063 4707 Solis
1080 4659 1144 4708 an.

207 4749 309 4845 1761.
345 4749 404 4820 die
427 4748 462 4823 6.
486 4747 593 4820 Junii
614 4747 831 4844 transeuntis
841 4747 975 4846 sactae
992 4750 1141 4823 Labaci.

182 4863 288 4938 MS.
346 4866 428 4940 Hae
471 4864 753 4940 observationes
800 4867 1140 4950 celeberrimorum

204 4983 550 5070 Astronomorum‚
603 5000 642 5068 et
668 4981 779 5084 ipllos
812 4985 926 5058 etiam
953 4987 1138 5061 Parifinae

174 5154 179 5168 .
204 5099 432 5176 Academiae
446 5101 589 5199 judicio
605 5101 930 5201 ,approbationem
954 5097 1086 5178 tulere.

69 244 79 258 '
131 351 135 370 .
210 284 318 358 αρν
734 297 738 324 .
859 253 1164 329 atnnor‘necan
1191 269 1510 357 camonicha

1241 450 1619 550 'senosannscntz
1654 441 1887 549 (aleta.)
1923 448 2038 522 Cam.
2057 445 2173 518 Prae
2257 504 2259 513 .

1229 567 1341 665 byter
1365 567 1560 652 secularia,
1594 565 1821 662 Martialium
1840 566 1925 640 Soc.
1945 557 1983 639 S.
2003 562 2169 638 Urlulae

1228 684 1369 758 Labaci
1397 685 1650 774 Conlellarius
1690 685 1729 760 P.
1755 686 1927 758 Manena
1949 681 2171 785 proejusd.

1228 802 1376 876 Aullria
1393 802 1495 878 sacra
1518 803 1759 903 compilanda
1773 803 1955 897 submilitt

1276 941 1506 1014 Relanonem
1530 943 1576 1026 de
1605 925 1798 1042 Collegio,
1850 959 1887 1015 et
1911 939 2078 1038 Ecclesia
2101 955 2170 1015 etc.
2282 917 2283 974 3

1228 1057 1566 1133 Sanctzinonzaliiein
1585 1061 1774 1135 decretalia
1788 1063 1823 1134 S.
1848 1061 1996 1158 Ursalae
2012 1057 2170 1142 Iabaci,

1230 1201 1327 1276 quae
1353 1177 1426 1276 legi
1448 1177 1590 1253 ibidem
1616 1183 1737 1282 potest
1763 1179 1863 1254 Part.
1888 1180 1954 1264 lll.
1980 1179 2091 1252 Tom.
2113 1179 2169 1254 V.

1229 1321 1311 1394 pag·
1336 1314 1413 1391 ¹78·
1784 1389 1785 1392 ,

1278 1434 1579 1509 Scnwoaenra
1613 1435 1804 1540 (Joseph.)
1837 1433 2056 1512 artificiosus
2075 1434 2166 1510 reti·
2231 1443 2233 1446 ·

1227 1551 1376 1626 culator
1391 1551 1451 1628 edi
1469 1553 1577 1628 fecit:

1279 1691 1596 1792 Ansangsgrn'nde
1610 1720 1678 1768 aar
1701 1693 1927 1792 Strrclalanst.
1953 1691 2045 1770 Lab.
2062 1691 2163 1790 apud

1227 1810 1451 1906 Eger1782.
1478 1811 1516 1886 in
1538 1813 1574 1890 8.
1626 1857 1631 1872 ι

1278 1948 1420 2023 Scioet
1448 1950 1658 2051 (Caspan'.)
1681 1971 1707 2064 t„

1276 2081 1403 2160 Falam
1439 2053 1623 2190 Angnslae
1645 2092 1786 2165 Damas
1809 2091 2021 2187 Anstnacae
2046 2147 2055 2176 ,
2095 2089 2166 2186 sea

1230 2201 1425 2301 Corrsiliiam
1445 2207 1693 2309 Prophetiam
1719 2211 1803 2285 MS.
1834 2209 1874 2284 in
1898 2216 1933 2298 4.
1958 2205 2162 2283 cullodilur

1227 2321 1267 2396 in
1284 2323 1510 2401 Bibliothec.
1535 2325 1844 2436 Auerspergjana
1870 2327 2019 2401 Labori.

1275 2462 1536 2540 Sccnm'rscn
1562 2466 1627 2554 (P.
1643 2466 1798 2566 asaph)
1826 2467 1936 2545 carn.
1955 2467 2041 2540 Soc.
2057 2465 2093 2539 J.
2108 2480 2163 2538 te-

1224 2581 1273 2652 tte
1303 2579 1522 2680 Thalbergio
1542 2583 1580 2656 in
1605 2585 1771 2684 Epitom.
1789 2584 2003 2659 Carnioliae
2023 2581 2158 2660 edidit:

1274 2718 1397 2792 Ludos
1410 2721 1622 2799 theatrales.

1275 2856 1473 2938 scopon.
1482 2815 1612 2958 (Joan.
1631 2863 1807 2958 Antonii)
1833 2863 1934 2937 Med.
1960 2863 2158 2946 Doctoris‚

1226 2972 1263 3045 S.
1281 2975 1308 3047 l.
1329 2991 1366 3049 et
1383 2977 1522 3076 Regiae
1534 2981 1619 3078 Maj.
1637 2981 1842 3054 Montanae
1859 2980 2021 3054 civitatis
2040 2980 2159 3054 ldriae
2282 3057 2283 3066 ,

1223 3089 1382 3190 Phylei,
1410 3097 1734 3196 Caesareo-Regii
1754 3097 2000 3183 monetariae,
2026 3115 2065 3173 et
2080 3125 2158 3172 me-

1220 3208 1438 3310 tallurgicae
1465 3215 1520 3289 rei
1544 3215 1772 3302 Conliliarii,
1800 3215 1987 3316 Chymiae
2007 3213 2047 3288 in
2063 3216 2161 3290 Uni«

1219 3328 1392 3404 verfitate
1427 3332 1597 3432 Papienll
1629 3333 1850 3408 Profelloris
1884 3333 2057 3434 publici,
2118 3350 2156 3407 et

1220 3447 1388 3536 emeriti,
1416 3441 1820 3553 Agrariae'Sociietatia
1837 3453 1876 3556 ip
1898 3451 2039 3551 styria,
2066 3453 2153 3526 Car-

1217 3561 1364 3651 niolia.
1388 3568 1581 3657 Goritiae,
1619 3585 1657 3642 et
1681 3570 2152 3644 Gradiacae:·oeconomi·
2180 3599 2186 3617 ⁸

1218 3707 1282 3778 cae
1302 3682 1503 3761 Societatis
1520 3685 1687 3762 Bernae:
1714 3688 1894 3788 Apiariae
1921 3687 1971 3761 in‘
1985 3685 2151 3770 Lulatia‚

1217 3813 1256 3873 et
1273 3785 1501 3880 Academiae
1518 3823 1695 3880 naturam
1715 3805 2046 3906 pervelligantium
2064 3804 2153 3880 anii-

1218 3929 1351 3995 corom
1371 3915 1619 3998 Berolinenfis
1637 3923 1813 4010 membri,
1829 3925 1886 4010 de,
1911 3941 1950 3998 et
1972 3925 2013 3999 in
2027 3924 2151 3999 Patria

1216 4042 1341 4113 nollra
1363 4041 1462 4115 edita
1479 4069 1598 4143 opera
1621 4041 1720 4116 lunt:
1752 4131 1759 4143 ·
2093 4117 2097 4126 .

1266 4157 1302 4250 a)
1329 4159 1439 4232 Flora
1464 4162 1675 4236 Carnioliae
1695 4159 1876 4242 eahz'lens
1885 4161 2041 4259 plantas
2064 4159 2147 4230 Car-

1215 4275 1357 4346 nioliac
1375 4277 1588 4376 indigenas,
1616 4297 1651 4352 et
1668 4279 1873 4376 distributas
1886 4280 1925 4349 in
1940 4275 2070 4377 classtes
2085 4303 2148 4349 na-

1215 4394 1353 4465 turales
1369 4409 1434 4469 etc.
1458 4397 1496 4467 V
1499 4395 1571 4473 ien.
1588 4413 1668 4496 typ.
1684 4396 1718 4469 J.
1736 4397 1809 4469 Th.
1822 4397 2029 4484 Trattnern
2051 4395 2148 4490 1760.

1217 4508 1255 4582 in
1276 4525 1307 4594 8.
1325 4513 1563 4611 maj.lterum
1584 4515 1728 4588 auctior
1746 4514 1858 4589 Vien.
1883 4541 1987 4611 1771.
2008 4513 2047 4587 in
2061 4513 2094 4587 8.
2112 4527 2149 4586 et
2197 4531 2206 4541 '

1216 4655 1304 4706 cum
1330 4631 1460 4730 liguria
1483 4630 1630 4732 Lipllae
1669 4657 1770 4728 1772.
1822 4631 1958 4707 Tomis
1980 4635 2026 4710 ll.
2053 4629 2090 4703 in
2114 4629 2146 4701 8.

1198 4773 1303 4822 cum
1321 4749 1369 4838 64
1395 4749 1532 4824 tabulis
1551 4747 1686 4823 aeneis.
1722 4750 1762 4846 b)
1791 4749 2007 4840 Tentagnrna
2024 4747 2145 4850 Physi-

1213 4891 1255 4941 co
1268 4913 1285 4926 -
1300 4853 1460 4941 adamica
1479 4913 1495 4924 -
1510 4869 1647 4940 medz‘ca
1665 4868 1709 4939 de
1728 4867 1963 4970 Hydrargyro
1986 4865 2144 4963 tdrnnsi.
2282 4877 2283 4942 1

1213 4987 1242 5061 l.
1276 4985 1336 5058 De
1359 4985 1507 5060 minere
1535 4983 1785 5084 Hydrargyri.
1814 4987 1859 5059 ll.
1909 4984 1968 5057 De
1994 4983 2143 5058 vitriolo

1213 5101 1375 5176 Idrienli.
1429 5107 1491 5177 lll.
1519 5103 1579 5176 De
1607 5102 1759 5176 morbis'
1777 5101 1957 5178 foliorum
1975 5101 2142 5201 Hydrar-
