4708 5878
83 3899 88 3908 '
233 3867 334 3968 &5³¹⁰
358 3864 951 3964 'yps'ssfflphm'mminuantmi‘
980 3865 1165 3999 camioii‘
1240 3929 1323 4001 laus
1339 3953 1404 4002 ron
1430 3929 1617 4002 Tolentino
1633 3931 1693 4002 ein
1712 3927 1821 4002 durch
1838 3929 1896 4000 die
1915 3927 2176 3999 Gaudeo-Son-
2324 3977 2326 3990 .

2324 4019 2326 4052 Ι

220 227 292 315 254
881 235 1184 296 0000000000
1211 236 1490 297 emmonem

100 477 107 492 .
227 421 369 506 Priamo,
387 415 558 516 stanga,
584 417 648 490 inu
669 377 811 515 Noviga
836 379 1063 512 Testamenta
1084 418 1158 490 slo-
1232 417 1352 490 Adam
1368 415 1578 500 Bohonitb,
1603 414 1767 488 Ioannes
1780 417 2023 516 Scheeegem,
2049 437 2085 493 et
2099 419 2164 491 Fe-

225 538 352 614 venslri
380 535 627 609 tolmazhena.
677 536 792 608 Anno
835 535 1159 610 MDLxxxtltt.
1231 536 1391 608 lr'cr'anus
1427 536 1560 632 Truper
1585 533 1818 608 Labacenses
1843 535 2002 610 Ministri
2030 537 2163 624 verbi,

148 799 154 810 ·
227 773 330 872 ligno
347 773 538 870 eleganter
554 769 692 854 inciso,
720 796 812 870 ques
834 769 1057 846 excidebant
1073 769 1162 842 hee·
1234 769 1415 844 volumen
1455 769 1515 842 edi
1543 768 1703 843 Carolus
1740 771 1940 848 Archidux
1966 773 2165 858 Auflriae,

227 889 511 965 redessoanm's
534 889 707 961 Cratonrs.
726 886 956 962 Bibliahaec
975 885 1160 961 extribus
1233 885 1323 960 Dux
1349 885 1527 985 styriae,
1563 887 1800 974 Corinthiae,
1835 903 1873 962 et
1894 889 2106 964 Carniosiae
2134 916 2167 964 a.

231 1007 460 1092 Ducatibus,
498 1003 669 1104 Styriae,
705 1002 936 1090 Carnioliae,
970 1019 1008 1078 et
1030 1003 1161 1078 Carin-
1239 1001 1340 1078 1580.
1374 1003 1497 1076 stricte
1518 1003 1781 1102 prohibuerat.
1831 1005 1958 1080 Editio
1977 1006 2016 1078 in
2040 1024 2171 1082 extera

228 1125 331 1200 thiae
358 1121 527 1224 deputati
549 1121 739 1220 Theologi
767 1120 1002 1219 Evangelici,
1029 1119 1161 1194 videti·
1235 1119 1390 1218 regione
1415 1121 1511 1193 8000
1527 1119 1563 1196 sl.
1581 1119 1816 1208 absumserat,
1837 1123 1881 1196 ad
1902 1149 2016 1224 quam
2041 1124 2169 1198 Duca-

230 1259 306 1318 cet:
339 1241 518 1314 Jerenu'as
548 1237 831 1335 Hamburgensts
864 1237 904 1312 8.
940 1235 1161 1336 scripturae
1234 1251 1297 1312 tus
1320 1237 1470 1336 Styriae
1490 1263 1595 1324 1000,
1615 1238 1810 1313 Corinthia
1827 1265 1910 1337 900.
1930 1241 1966 1318 sl.
1984 1241 2169 1315 benevole

229 1361 397 1443 Doctor,
431 1373 468 1430 et
494 1355 820 1455 superintendens
844 1353 1161 1452 Evangelicorum
1234 1354 1489 1438 contribuere3
1516 1355 1684 1456 reliquos
1701 1353 1844 1448 sumtus
1861 1359 1989 1430 Status
2009 1358 2169 1432 Carnio-

228 1478 396 1552 Graecii:
424 1475 476 1548 M.
500 1473 708 1545 Bemardus
738 1471 893 1556 stenar,
926 1470 1052 1545 Pastor
1079 1472 1162 1544 Cla·
1232 1469 1305 1545 liae
1323 1470 1502 1570 generose
1520 1471 1558 1544 in
1574 1469 1609 1547 se
1625 1471 1829 1573 suscepere,
1859 1489 1897 1548 et
1918 1473 2169 1570 transmisere.

125 1610 134 1622 “
228 1591 521 1695 gensurthensls:
552 1589 1158 1689 ChrestophorrisSpiudlerPastor,
1235 1588 1384 1662 Gothae
1407 1589 1445 1662 in
1462 1587 1595 1662 Ducali
1615 1591 1850 1666 Bibliotheca
1876 1609 1948 1665 ext.
1968 1593 2169 1692 ejusne·-

229 1731 267 1790 et
299 1707 625 1811 superintendens
649 1705 967 1807 Evangelic'orum
991 1704 1158 1782 Lebaci:
1232 1705 1658 1810 brz'MrffszsCarniolic.
1686 1697 1976 1806 Lubsini,1578.
2048 1741 2051 1746 ·

729 2206 1671 2320 ,KAPPITHECA

973 2449 1320 2520 Scrinium
1375 2449 1417 2520 X.

1065 2689 1070 2700 Ι
1133 2616 1251 2700 Ι[00

1053 2771 1250 2854 Littera
1300 2771 1347 2844 K.
1429 2814 1432 2823 ·

127 3101 133 3125 .
227 3027 607 3130 KALENDAfflA,
658 3043 875 3119 Direetoria
901 3071 973 3145 pro
1003 3043 1162 3120 dioecest
1235 3067 1318 3116 rem
1339 3041 1402 3116 fibi
1422 3003 1749 3144 peperitsamam,
1776 3045 1863 3121 dein
1883 2999 2169 3129 Baccalaurens,

227 3162 430 3242 Labacensi
458 3162 504 3236 00
529 3159 841 3248 immemorabili,
867 3161 1043 3264 suppono
1066 3177 1162 3234 tem·
1235 3185 1277 3236 ac
1306 3179 1516 3236 conventus
1559 3179 1666 3238 extra
1704 3181 1855 3266 portam
1881 3161 2170 3262 hospitasensem

57 685 65 694 ’
225 651 681 751 Wittembergaeinsol.
716 652 1002 752 complurimis
1028 651 1159 750 figuris
1233 651 1547 754 Wittembergae
1573 667 1779 738 curarunt,
1813 653 1903 753 quia
1927 655 2068 730 Labaci
2091 656 2168 730 hoe
2319 645 2320 722 i

2318 781 2321 944 i

228 3310 323 3385 pore
371 3279 521 3356 Labaci·
561 3279 668 3354 suere
712 3277 894 3380 impressa.
945 3277 1165 3380 Laybacher
1235 3277 1373 3352 Labaci
1398 3278 1511 3354 Prior
1536 3279 1685 3370 sactus,
1728 3285 1756 3380 †
1793 3283 1898 3380 1754.
1931 3284 2176 3380 posterorum
2324 3365 2326 3374 Ι

232 3397 379 3477 Schreib
396 3445 411 3458 -
426 3397 615 3472 Kalender
637 3397 676 3470 in
701 3403 734 3486 4.
759 3413 796 3471 et
822 3397 859 3476 iu
875 3394 933 3490 32.
952 3395 1167 3494 germanica
1240 3396 1449 3472 memoriae
1468 3395 1704 3474 consecrans:

229 3518 378 3620 primus
391 3515 515 3614 caepit
533 3515 644 3590 edere
654 3514 818 3588 Ioannes
827 3515 997 3614 Heptner,
1007 3512 1168 3588 Provin-

230 3635 310 3708 cine
327 3631 540 3706 Carniosiae
558 3631 832 3731 typographus,
844 3658 941 3732 quae
958 3631 1167 3706 etiamnum

230 3752 376 3852 pariter
403 3777 426 3863 0
452 3749 677 3848 Klaezmaynb
700 3775 721 3824 a
745 3747 917 3848 Josepho
940 3751 985 3854 ls.
1012 3749 1165 3852 privile-

1289 3575 1334 3672 0)
1370 3577 1570 3651 Lab-und
1599 3525 1871 3650 sihmo-Reda!
1895 3603 1972 3649 von
2006 3575 2095 3650 dem
2127 3575 2176 3647 H.

1241 3691 1420 3768 Nicolaus
1445 3721 1525 3790 von
1549 3695 1765 3768 Tolentino.
1802 3693 1928 3792 Layh..
1953 3694 2027 3792 bey
2051 3692 2178 3766 Adam

1240 3810 1384 3884 Friedr.
1412 3809 1645 3886 Reichhardi
1682 3813 1784 3910 1745.
1812 3811 1850 3884 in
1878 3817 1910 3899 4.
1937 3811 1978 3908 0)
2005 3811 2040 3886 S.
2062 3809 2174 3882 Nico-

234 4013 294 4060 ca:
322 3977 514 4083 Kmynslra
534 3979 689 4054 Pratelro
706 3983 745 4055 in
766 3983 820 4058 16.
838 3984 959 4056 multo
978 3983 1166 4084 antiqulo-

233 4129 277 4178 ra
293 4097 396 4186 sunt,
424 4116 461 4172 et
477 4091 580 4173 certe
597 4099 642 4177 ad
663 4099 808 4200 Mayri,
832 4099 910 4174 imo
928 4127 1016 4174 cum
1034 4127 1169 4200 magna

234 4188 573 4325 pr'obahisitat'ejad
591 4215 747 4322 Manlii,
775 4216 889 4316 primi
916 4217 954 4325 in
977 4218 1169 4294 carniotia

234 4334 471 4438 typographi
491 4322 697 4431 reserenda.
746 4319 842 4419 Jam,
865 4362 897 4410 0.
944 4337 1048 4438 1796.
1078 4335 1168 4410 Car-

234 4452 377 4527 niosica'
403 4451 448 4526 od
474 4451 636 4544 formam
660 4452 968 4552 germanicorum
991 4453 1030 4526 in
1048 4459 1081 4542 4.
1108 4452 1167 4526 edi

239 4587 371 4672 caepta
395 4569 489 4644 sunt.

286 4711 458 4784 KALzEn
485 4708 502 4804 (
514 4707 554 4782 P.
573 4707 762 4802 Ambros.)
789 4709 993 4784 Labacens.
1014 4707 1170 4785 Ordinis

239 4823 441 4906 Eremitar.
473 4805 520 4902 ⁴S.
549 4826 589 4899 P.
613 4825 809 4926 Augustini
833 4824 1142 4902 conventualium
1153 4880 1170 4910 ‚,
1250 4870 1368 4970 Layb·
1395 4871 1469 4970 bey
1491 4867 1724 4944 Reichhardt
1756 4869 1860 4964 ¹745·
1888 4865 1926 4938 in
1941 4867 1977 4943 8·
2044 4855 2048 4865 .

239 4971 310 5042 per
333 4945 520 5044 plurimos
546 4971 664 5020 annos
690 4970 827 5043 magno
857 4944 940 5020 zelo
966 4969 986 5018 e
1008 4945 1176 5039 suggestu
1520 4947 1523 4957 ’
1594 4951 1599 4956 ’
1639 5006 1642 5014 ,
1853 4977 1856 4984 ·
1885 4981 1891 4998 ·
1946 4971 1950 4980 ·
2178 4996 2183 5007 .

241 5060 402 5172 uerbum
418 5062 493 5140 Dei
515 5063 661 5164 populo
679 5061 933 5162 praedicgpdo
944 5083 1026 5147 ῃοῃ
1045 5046 1179 5159 vulga..
1223 5109 1229 5118 ,
1296 5053 1462 5125 ΚΑΡΡΌὸ
1489 5051 1532 5124 de
1551 5048 1768 5146 Pschesstel'n
1787 5047 1960 5148 (Asoys.)
1979 5045 2187 5127 Labflc'ens.

1241 4073 1289 4121 ne
1297 4045 1380 4118 hell
1394 4044 1632 4120 beleuchteter
1646 4049 1759 4132 Stern,
1770 4045 1809 4118 in
1827 4045 1894 4118 der
1905 4043 2047 4117 Kirche
2059 4043 2180 4116 deren

1242 4283 1361 4356 Thor.
1391 4281 1627 4381 Neunttigige
1660 4277 1838 4354 Andacht
1872 4307 1919 4352 zu
1944 4277 2182 4362 demsesben,

1245 4518 1374 4592 Bsutes
1392 4516 1507 4591 dieses
1533 4517 1730 4616 Heisigen,
1753 4515 1791 4589 so
1809 4543 1875 4588 aus
1898 4513 2039 4588 seinem
2059 4513 2097 4584 in
2115 4513 2185 4588 der

1245 4637 1362 4733 Sarge
1397 4633 1727 4732 abgeschnittenen
1758 4633 1855 4708 Arm
1896 4629 2069 4730 geslossen
2113 4630 2182 4716 iss,

1241 4399 1316 4499 bey
1333 4399 1601 4497 Gelegenheit:
1630 4399 1681 4476 ass
1698 4425 1785 4480 man
1802 4398 1913 4474 einen
1931 4395 2097 4470 Partikel
2114 4395 2182 4470 des
2209 4434 2217 4446 ¹

1247 4779 1316 4828 zur
1331 4753 1562 4850 Verehrung
1583 4753 1680 4826 nach
1704 4735 1885 4850 ⁴Layhach
1904 4747 2075 4822 erhaiten
2102 4747 2182 4822 hat.

1242 4163 1313 4236 ΡΡ.
1340 4164 1566 4264 Augustiner
1584 4193 1631 4239 zu
1648 4163 1828 4262 Laybach
1846 4188 1917 4236 vor
1936 4160 2023 4235 dem
2041 4161 2183 4260 Spital-
2325 4177 2326 4190 ¹
