4708 5878
209 269 278 338 208
828 233 832 240 ’
1045 263 1310 325 enoornuun.

212 444 436 522 Bolemr'cae
453 441 723 530 Bibliothecae,
740 469 818 516 non
834 444 912 542 jam
929 441 1142 531 Bohemos,
1161 443 1221 520 sed
1240 463 1279 521 et
1293 446 1494 532 Moravos,
1515 459 1554 520 et
1570 443 1737 520 Silesios:
1757 444 1851 520 ethi
1871 443 1957 518 illos
1976 439 2142 524 vicissim,

214 565 260 640 ad
277 563 493 664 augendum
507 587 712 636 numerum
737 560 836 634 inter
860 560 945 636 suos
968 581 1182 663 reponunt:
1213 567 1273 639 vel
1301 582 1344 640 ut
1368 563 1598 639 Bibliotheca
1625 563 2014 646 Stmrzb-Buderr'ana,
2042 559 2144 656 larga

215 708 350 769 manu,
369 682 480 782 plane
499 681 738 779 incomperta
753 679 901 754 ratione
917 706 1097 779 magnum
1114 667 1318 758 numerum
1334 711 1380 759 ex
1397 683 1620 768 Austriacis,
1647 681 1769 780 Bojis,
1789 679 1998 780 Hungaris,
2024 677 2148 750 Bobe-

215 800 288 875 mis
307 816 376 874 etc.
395 803 460 896 (ut
483 797 731 873 universalem
749 797 1025 874 Bibliothecam
1045 801 1202 900 credas)
1220 802 1370 876 mixtim
1388 803 1502 876 offert
1520 801 1737 900 Scriptores
1751 798 1944 872 interioris
1962 795 2150 894 Aestuat,

215 917 410 1019 Styriacos
429 915 585 1002 scilicet,
602 915 881 1002 Cariathiacos,
903 933 941 991 et
957 915 1192 994 Carniolicos
1210 946 1343 994 omnes
1361 920 1592 994 adducturus
1610 909 1674 990 luri
1692 917 1731 990 in
1749 943 1874 992 meam
1889 941 2042 1015 penum.

312 1038 461 1111 Verum
475 1059 600 1134 neque
613 1050 817 1134 eapropter
838 1035 1028 1134 quispiam
1045 1037 1218 1112 omnium
1236 1037 1465 1124 absolutam,
1487 1038 1534 1112 ab
1550 1037 1698 1136 origine
1715 1035 1900 1136 usquead
1919 1035 2011 1106 haec
2027 1033 2151 1104 nostra

216 1171 392 1252 tempora
404 1152 631 1254 productam
648 1153 891 1252 Scriptorum
909 1153 1215 1230 Carniolicorum
1232 1155 1511 1248 Bibliothecam
1525 1171 1710 1256 expectet.
1724 1155 1809 1228 Hoc
1820 1157 2005 1252 praedare
2023 1148 2150 1236 unius,

94 1267 98 1274 ¹
217 1289 256 1348 et
274 1271 386 1348 solius
403 1271 541 1373 privati
563 1271 729 1345 hominis
744 1298 954 1372 exuperare
968 1276 1200 1370 potestatem,
1221 1290 1480 1375 aetatemque,
1498 1273 1522 1346 fi
1538 1301 1653 1348 nemo
1669 1273 1785 1357 alius,
1801 1297 1871 1370 ego
1887 1263 2151 1370 prosectonon

217 1391 373 1490 ignoro,
392 1389 634 1488 praesertim:
659 1389 805 1489 fiquis,
827 1388 1153 1488 quemadmodum
1178 1417 1268 1490 ego,
1296 1392 1361 1493 qui
1391 1393 1430 1466 in
1450 1391 1555 1464 stmili
1572 1419 1644 1492 pro
1664 1391 1813 1466 Patriae
1830 1393 1971 1490 gloria,
1996 1409 2033 1468 et
2050 1419 2153 1465 emo-

215 1509 387 1612 lumento
405 1508 605 1582 conamine
619 1507 765 1581 nemini
780 1534 950 1608 unquam
971 1508 1092 1595 delui,
1112 1537 1308 1610 nunquam
1325 1509 1536 1596 defuissem3
1558 1509 1635 1598 imo
1655 1509 2000 1608 pluribusauctor,
2019 1525 2057 1586 et
2067 1507 2149 1582 sub·

216 1627 448 1702 minillratur
463 1624 503 1698 in
520 1651 656 1700 eorum
671 1651 765 1712 rem,
784 1625 858 1699 line
875 1625 1017 1729 invidia
1036 1627 1165 1712 exstiti,
1185 1627 1223 1701 in
1241 1627 1427 1736 praesenti
1447 1655 1564 1729 opere
1582 1628 1825 1727 compilando
1835 1655 2048 1729 perpaucos
2060 1653 2152 1700 nan-

218 1743 301 1820 cisci
328 1744 454 1844 potuit
470 1743 675 1844 populares
690 1743 947 1844 coadjutores3
975 1743 1069 1846 quin
1088 1745 1166 1820 imo
1183 1746 1311 1846 plures
1331 1747 1438 1846 (abstt
1454 1747 1583 1822 innato
1600 1745 1713 1840 vitio)
1730 1745 1964 1830 adversario,
2004 1761 2043 1820 et
2063 1770 2154 1846 pro·

215 1863 408 1966 peditores
437 1860 665 1963 experiatur.
696 1861 766 1938 His
792 1877 920 1938 tamen
944 1888 1024 1936 non
1056 1863 1286 1954 obstantibus
1309 1868 1422 1939 'tanto
1447 1863 1669 1950 audentior,
1697 1880 1884 1964 quantum
1914 1892 1984 1964 per
2027 1863 2152 1938 bonos

214 1982 318 2058 viros
334 1981 458 2068 licuit,
477 1979 654 2082 procelli:
673 1997 711 2056 et
725 2007 846 2084 quum
858 1981 1213 2056 mihiEruditorum
1224 1983 1493 2058 Carniolorum
1521 1983 1677 2081 alicujus
1698 2009 1806 2083 opus,
1830 1982 1989 2057 fortuito
2005 2007 2154 2055 nonre-

217 2127 262 2176 ro
284 2099 366 2176 casu
386 2100 432 2174 ad
449 2125 602 2187 manus,
622 2115 660 2174 et
676 2097 741 2174 sub
757 2101 891 2176 oculos
907 2098 1080 2176 venisset:
1098 2102 1157 2175 rel
1176 2129 1295 2202 quum
1315 2102 1482 2202 aliquem
1499 2101 1537 2176 in
1562 2103 1726 2175 aliorum
1746 2101 2006 2176 voluminibus
2029 2081 2156 2172 lauda·

215 2235 298 2294 tum
324 2219 414 2318 legi,
443 2218 623 2318 colligere
651 2245 716 2292 eos
741 2218 867 2320 caepi,
893 2235 1007 2320 atque
1034 2219 1122 2292 huic
1150 2219 1411 2295 Bibliothecae
1440 2220 1687 2294 fundamenta
1705 2219 1790 2316 jeci.
1817 2217 2043 2294 Collectioni
2065 2217 2158 2290 huic

216 2337 390 2439 pluribus
406 2335 532 2423 armis,
566 2363 689 2437 usque
715 2336 754 2410 in
770 2337 868 2412 hauc
886 2337 987 2412 diem
1002 2336 1142 2412 assidua
1159 2335 1478 2438 cum‘diligentia3
1505 2354 1543 2412 et
1560 2337 1873 2437 pervestigatione
1896 2335 2045 2412 inhaesi.
2069 2333 2160 2407 Bib-

168 2443 176 2450 ’
213 2453 400 2528 liothecae
416 2457 632 2528 nostrorum
648 2455 921 2530 Conventuum
937 2454 1176 2544 Labacenfis,
1198 2472 1238 2530 et
1256 2457 1495 2542 Viennensis,
1523 2483 1566 2530 ac
1581 2456 1809 2556 praecipuae
1830 2456 1942 2552 hujus
1970 2483 2006 2556 p.
2021 2467 2047 2528 t.
2067 2452 2157 2526 Bib-

215 2571 479 2664 liothecariusr
505 2573 549 2652 ll.
568 2572 611 2648 P.
626 2573 790 2646 loannes
811 2573 939 2646 Petras
962 2573 1084 2673 (cujus
1104 2573 1331 2650 memoriam
1350 2590 1457 2650 tanto
1477 2573 1596 2672 magis
1620 2591 1749 2674 gratus
1778 2575 1927 2660 recolo,
1955 2571 2061 2674 quod
2086 2597 2156 2644 no-

214 2692 303 2764 stras
320 2689 475 2776 nonsit,
491 2689 534 2782 in
552 2717 635 2764 rem
654 2706 783 2764 tamen
798 2717 922 2764 meam
939 2692 1045 2764 nullo
1061 2717 1140 2766 non
1161 2710 1334 2792 tempore
1354 2692 1580 2767 nostratibus
1589 2709 1634 2766 et
1651 2693 1873 2793 promptior
1891 2689 2084 2774 extiterit,
2104 2705 2159 2764 at·

215 2834 290 2909 que
314 2808 506 2908 paratior)
521 2807 735 2909 plurimum
760 2805 1036 2896 subvenerunt,
1063 2811 1252 2910 plurimos
1277 2809 1605 2886 subministrarunt
1625 2809 1856 2910 Scriptores.
1878 2811 1942 2884 Ast
1964 2824 2052 2883 utut
2078 2833 2152 2906 pro

213 2925 374 3027 poffibiti
394 2953 478 3002 mea
494 2925 672 3002 industria
687 2925 905 3026 colligerem
922 2928 1130 3027 plurimos:
1158 2931 1287 3031 plures
1304 2945 1431 3004 tamen
1462 2928 1742 3029 inquisitionem
1762 2954 1888 3002 meam
1918 2924 2159 3025 subterfugis-

213 3044 247 3121 se
262 3071 339 3120 non
351 3045 541 3120 diffiteor:
568 3060 606 3120 et
624 3045 684 3120 vel
711 3043 798 3120 ideo
824 3045 988 3144 cujusvis
1005 3047 1295 3140 benevolentiae
1320 3047 1483 3133 conlido,
1504 3073 1583 3121 non
1604 3049 1813 3121 malaeum
1831 3046 1960 3150 auimo
1975 3043 2157 3119 caussatu-

214 3190 322 3252 rum,
340 3163 407 3238 sed¹
417 3163 664 3265 impotentiae
692 3189 799 3238 meae
820 3161 1019 3264 parsurum
1032 3166 1235 3242 voluntatis
1255 3167 1377 3242 bonae
1395 3164 1568 3266 quisquis
1585 3166 1735 3264 plures,
1763 3181 1800 3238 et
1818 3163 1896 3237 fors
1915 3162 2069 3262 majoris
2090 3187 2160 3274 qo-

215 3282 348 3370 minis,
381 3298 418 3358 et
438 3281 553 3356 classis
578 3282 743 3382 potioris
775 3283 993 3382 Scriptores
1015 3283 1162 3359 Patriae
1180 3283 1313 3359 frustra
1338 3285 1375 3358 in
1402 3287 1471 3359 hac
1491 3284 1729 3358 Bibliotheca
1750 3282 1792 3358 fit
1815 3273 2059 3383 quaefiturus.
2086 3280 2158 3354 His

215 3414 507 3502 peropportune
532 3400 719 3499 ejusmodi
744 3401 922 3501 querelae
946 3427 1120 3478 occurro.
1155 3403 1243 3478 Mea
1266 3401 1420 3505 quidem
1443 3401 1537 3476 haec
1561 3418 1642 3476 erat
1664 3400 1842 3488 intentio,
1867 3417 1904 3475 et
1927 3399 1969 3474 stt
1987 3399 2160 3474 animum

218 3517 349 3593 induxi
366 3545 512 3594 meum:
533 3535 734 3618 expectare
752 3536 922 3619 tempus,
941 3546 1018 3620 quo
1032 3544 1168 3595 omnes
1191 3523 1371 3596 collectos
1389 3521 1587 3596 haberem:
1612 3519 1673 3594 sed
1692 3519 1918 3618 urgentibus
1941 3517 2090 3604 amicis,
2116 3541 2160 3590 ac

218 3636 446 3738 quibusdam
462 3635 757 3711 ferventioribus
775 3653 882 3712 extra
904 3636 1067 3711 Patriam
1084 3637 1304 3714 viventibus
1322 3638 1520 3723 Patriotis,
1543 3665 1592 3711 ne
1613 3639 1706 3710 haec
1725 3663 1809 3712 mea
1825 3636 2000 3712 collectio
2017 3636 2159 3710 iterum

219 3779 423 3856 perperam
438 3753 680 3840 distrahatur,
707 3770 772 3828 aut
795 3779 868 3853 pro
889 3753 1038 3831 Patriae
1057 3756 1212 3833 decore:
1239 3783 1311 3858 pro
1329 3756 1580 3831 Eruditorum
1595 3755 1771 3843 nomine,
1792 3769 1830 3830 et
1845 3753 2049 3830 commodo
2067 3778 2158 3853 pro-

221 3872 412 3948 movendo
433 3869 637 3973 aliquando
653 3870 804 3972 pereat,
822 3870 869 3946 ad
884 3873 1060 3948 ordinem
1082 3873 1321 3974 dirigendam
1337 3901 1398 3948 me
1418 3873 1564 3950 resolvi.

317 4009 522 4112 Specimen
541 4011 619 4109 ejus
640 4011 841 4110 propalam
861 4037 1062 4111 propono,
1088 4017 1285 4114 postquam
1313 4017 1477 4087 constare
1502 4037 1642 4112 operae
1675 4011 1844 4112 pretium
1872 4010 2060 4095 intellexi,
2079 4011 2155 4083 -vel

222 4129 313 4210 itud
331 4115 503 4218 tentalle,
537 4129 641 4231 quod
668 4128 817 4230 pridem
848 4128 1009 4216 centies,
1036 4129 1172 4218 millies
1192 4132 1274 4206 nelo
1299 4130 1446 4205 Patriae
1472 4131 1652 4231 abreptus
1673 4147 1915 4230 optaveram,
1938 4146 1981 4202 ut
1996 4129 2092 4202 alius
2109 4153 2156 4202 ex

221 4246 370 4322 Patriae
387 4274 529 4337 amore,
540 4263 576 4322 et
594 4246 761 4322 nominis
779 4248 899 4347 gloria
913 4248 1120 4348 perfectius
1132 4248 1380 4351 praestitisset:
1398 4251 1476 4336 vel,
1502 4249 1607 4352 quod
1623 4247 1718 4322 meis
1736 4247 1835 4322 votis
1863 4247 2074 4322 etiamnum
2092 4247 2157 4322 de-

226 4371 293 4452 ell,
319 4365 460 4454 sutura,
485 4367 890 4468 quodemumcumque
908 4384 1084 4469 tempore
1099 4384 1230 4469 aperta
1244 4367 1402 4466 jamria,
1420 4369 1588 4443 laciliore
1606 4366 1761 4466 negotio
1773 4365 1942 4467 suppleat
1952 4365 2159 4458 defectum,

223 4483 340 4558 Volui
363 4509 434 4584 ego
450 4484 656 4582 majoribus
680 4485 875 4582 destitutus
899 4485 1065 4561 subltdiis
1094 4487 1174 4561 aliis
1197 4487 1416 4572 materiem,
1445 4503 1482 4561 et
1506 4513 1683 4588 campum
1702 4483 1893 4585 scriptioni
1911 4484 2157 4586 relinquere,

225 4604 364 4706 quibus
384 4602 481 4678 bene
499 4601 544 4677 de
565 4604 687 4703 patria
710 4604 881 4681 merendi
905 4605 1019 4705 ignis,
1045 4622 1082 4681 et
1098 4605 1246 4680 animus
1264 4605 1412 4691 infidet,
1438 4621 1552 4706 atque
1574 4603 1755 4678 debitum.
1783 4603 1899 4700 Quod
1926 4619 1968 4677 ut
1998 4603 2163 4677 audeant
2233 4659 2234 4664 ,

225 4721 403 4810 alacrius,
444 4719 610 4809 motiva,
650 4751 746 4824 quae
777 4749 847 4799 me
872 4706 922 4800 ad
955 4725 1029 4798 hoc
1053 4723 1375 4832 'prosequendum
1408 4725 1611 4825 perpulere
1644 4719 1900 4797 candidissima
1941 4721 1994 4798 eis
2027 4739 2155 4795 mente

231 4845 381 4942 aperio:

321 4979 423 5050 Volo
452 4979 524 5053 h'ac
546 4977 777 5056 bibliotheca
792 4981 886 5068 illud
905 4979 1118 5055 convitium
1136 4982 1373 5066 convellere,
1405 5008 1483 5082 quo
1510 4975 1709 5053 Carniolos
1737 4979 1832 5056 aliae
1849 4977 2036 5081 quaedam
2052 4975 2158 5050 Viris

207 5091 299 5182 ,tuis
319 5094 440 5169 doctis
457 5081 715 5198 superbientes
736 5098 918 5174 Nationes
939 5099 1058 5174 verbo
1073 5127 1080 5176 :
1098 5099 1309 5202 etquidem
1326 5099 1762 5176 earumComentatores
1787 5099 1858 5174 suis
1879 5081 1993 5173 etiam
2011 5095 2156 5198 scriptis
