4668 5872
192 150 235 208 1v
636 97 646 113 ,
916 157 1043 240 ς·-
1093 119 1200 222 (0)
1250 153 1348 178 -···

193 353 245 404 na
266 301 436 427 replere,
468 319 535 398 nili
556 317 763 394 methodus
786 329 825 392 et
845 339 984 404 norma
1006 313 1181 393 omnium
1204 313 1306 417 quall
1331 311 1525 390 annalium
1553 315 1925 424 typographicorum
1956 311 2123 420 scripto-

193 491 284 548 rum
307 489 371 540 me
385 460 445 539 ad
468 459 507 536 id
527 458 675 560 pariter
698 454 1009 560 persequendum
1031 451 1276 544 induxissent,
1312 469 1352 532 ct
1373 453 1441 548 nill
1460 454 1647 560 ipsemet'
1635 481 1676 534 m
1698 454 1952 560 descriptione
1979 457 2122 534 editio-

192 630 287 686 num
309 599 443 680 saecsrli
462 598 579 702 primi
604 591 875 700 typographici
900 592 1131 686 invenissem,
1158 607 1345 700 quantum
1368 619 1442 700 pro
1465 593 1806 701 dignoscendis,”
1779 623 1905 700 usque
1925 595 2000 676 rite
2025 595 2124 672 defi-

193 740 344 820 niendis
369 737 534 826 intersit,
560 761 645 813 rem
678 733 857 836 ampliori
878 731 1026 812 ambitu
1052 747 1300 835 pertractare.

389 978 510 1057 Cessat
534 917 692 1080 quidem
717 973 846 1065 modo,
867 989 906 1051 et
930 973 1233 1077 insequentibus
1258 972 1519 1052 voluminibus
1544 975 1653 1052 causa
1677 975 1789 1078 hujus
1814 975 1962 1053 tutoris
1989 1001 2124 1052 recen-

194 1121 326 1210 llonis3
352 1118 603 1196 nihilominus
623 1132 754 1194 tamen
777 1141 864 1194 mea
886 1114 1015 1194 saltem
1040 1113 1223 1217 opinione
1241 1113 1465 1218 requiritur,
1492 1130 1538 1192 ut
1561 1115 1772 1202 rarioribus
1797 1115 2005 1219 praecipue
2025 1139 2122 1218 ope·

194 1261 301 1338 ribus
328 1275 366 1336 et
392 1258 624 1335 editionibus
647 1283 727 1332 non
751 1255 857 1332 nulla
881 1282 929 1333 ex
954 1253 1181 1355 adjumentis
1206 1253 1252 1330 iis
1277 1227 1607 1356 bibliographicis,
1629 1254 1787 1358 quaein
1804 1255 2025 1358 ,appendice
2050 1281 2122 1330 vo-

195 1399 350 1475 luminis
375 1398 480 1474 tertii
507 1412 545 1474 et
573 1396 702 1498 quarti
734 1393 919 1482 indicavi,
954 1409 1034 1471 tam
1066 1420 1140 1496 pro
1174 1393 1419 1470 illustratione
1446 1419 1562 1495 quam
1587 1420 1660 1496 pro
1687 1389 1893 1473 commodo
1924 1393 2124 1469 ulterioris

196 1523 698 1639 hu'cinsuper‘instituendae
731 1531 984 1633 indagationis
1015 1533 1295 1634 adjungantur,
1342 1533 1529 1634 valdeque
1564 1531 1726 1622 dubito,
1768 1551 1902 1643 utrum
1933 1559 1985 1607 ne
2016 1558 2120 1608 unus

198 1676 463 1761 eruditorum,
489 1673 624 1774 reique
648 1669 971 1772 bibliographicae
996 1668 1214 1776 'armatorum
1238 1687 1277 1746 et
1301 1671 1492 1774 imprimis
1508 1672 1679 1770 illorum,
1707 1663 2127 1782 quibusqbibliotheca·

196 1833 287 1892 rum
320 1839 412 1890 cura
447 1809 642 1888 commissa
658 1814 733 1902 eil,
752 1795 948 1910 'ejusmodi
973 1809 1090 1914 plagii
1115 1809 1291 1888 litterarii
1316 1835 1435 1913 genus
1461 1837 1573 1912 aegre
1598 1797 1700 1887 serre
1725 1809 1850 1912 possit.

391 2029 509 2174 Quod
534 2073 693 2151 interea'
713 2073 760 2150 ad
803 2072 1106 2150 distributionem
1141 2071 1260 2175 ipsam
1290 2071 1548 2162 scientiarum,
1599 2072 1811 2200 principale
1841 2080 1979 2174 utpote
2003 2073 2118 2172 hujus

196 2214 365 2316 catalogi¹
381 2231 497 2316 caput
521 2213 674 2326 specQt,
691 2211 880 2316 idipsum
904 2212 1071 2313 systema,
1090 2213 1195 2313 quod
1218 2212 1260 2288 in
1284 2210 1765 2313 prioribusvoluminibus
1790 2215 1915 2334 cahat,
1938 2210 2054 2288 etiam
2080 2211 2122 2286 in

193 2353 437 2458 sequentibus
465 2351 708 2429 observatum
730 2350 822 2440 suit3
839 2377 928 2427 cum
953 2366 1082 2426 autem
1106 2350 1420 2428 saecuitecundi
1446 2351 1558 2451 longe
1584 2345 1705 2452 majo'r
1731 2349 1962 2451 scriptorum
1985 2373 2124 2426 nume-

53 2489 84 2604 ι’
193 2519 263 2570 rus
288 2491 323 2568 se
348 2491 572 2602 praesentat,
596 2489 705 2592 isque
730 2515 802 2591 per
831 2504 1022 2566 extractus
1041 2516 1089 2566 ex
1114 2490 1343 2592 corporibus
1369 2505 1409 2567 et
1434 2489 1739 2576 collectionibus,
1760 2505 1799 2564 et
1823 2487 2048 2590 praesertim
2075 2516 2125 2566 ex

196 2627 586 2708 commentationibus
622 2644 661 2704 et
694 2627 788 2705 actis
821 2626 1105 2708 academiarum
1121 2627 1299 2742 'sectos
1288 2655 1329 2704 m
1362 2629 1441 2706 dies
1476 2628 1596 2730 magis
1623 2627 1818 2718 accrescit,
1845 2627 1976 2730 plures
2004 2628 2119 2705 etiam

192 2770 435 2847 scientiarum
459 2766 773 2844 subdivislones
758 2793 837 2868 Jarn
862 2766 1010 2857 admisi,
1037 2743 1349 2912 supmllluasque
1353 2785 1483 2848 tamen
1507 2767 1637 2846 sedulo
1664 2768 1847 2857 devitavi,
1875 2795 1953 2870 quo
1979 2769 2122 2844 certius

195 2905 362 2996 constat,
388 2905 429 2982 in
467 2906 542 2982 hoc
572 2907 743 3007 catalogo
778 2933 859 2982 non
885 2906 932 2983 de
956 2933 1033 2983 una
1056 2883 1179 3024 solurit
1202 2877 1445 2986 scientiarum
1470 2908 1612 3010 specie,
1638 2907 1701 2984 sed
1727 2908 1773 2986 de
1798 2907 1991 2998 omnibus,
2019 2933 2118 3010 quae

193 3048 466 3138 bibliothecam
490 3045 588 3122 bene
613 3044 832 3122 instructam
857 3045 1106 3138 constituunt,
1140 2987 1226 3124 liius
1252 3048 1465 3124 luculenter
1490 3047 1561 3148 agi.

386 3307 635 3411 Superssuum
666 3335 787 3412 porro
819 3307 958 3399 suisset,
992 3325 1194 3387 contentos
1218 3311 1257 3386 in
1282 3310 1490 3411 majoribus
1517 3308 1806 3388 collectionibus
1834 3323 1873 3386 et
1894 3307 2117 3411 praesertim

199 3449 239 3524 in
262 3447 354 3524 actis
385 3465 425 3524 et
448 3447 835 3523 commentationibus
860 3448 1141 3525 academiarum
1166 3450 1416 3526 materiarum
1440 3446 1573 3526 titulos
1600 3449 1747 3549 integre
1768 3446 1996 3536 describere,
2025 3472 2121 3554 quo-

194 3613 284 3663 rum
307 3584 539 3686 impressioni
564 3584 702 3685 viginti
721 3583 999 3662 voluminavix
1023 3585 1265 3675 suffecissent3
1292 3613 1448 3664 ornnem
1469 3587 1600 3690 potius
1626 3551 1762 3662 curam
1790 3612 1837 3661 eo
1864 3586 2041 3674 adhibui,
2076 3604 2122 3667 ut

193 3723 468 3828 praeclariores
496 3723 693 3824 magisque
720 3721 833 3798 utiles
860 3722 1043 3800 materiae
1070 3724 1138 3800 sub
1160 3726 1274 3802 unica
1296 3742 1448 3802 tantum
1473 3724 1628 3806 rubrica
1654 3724 1971 3829 comprehensae,
1997 3725 2121 3830 iisque

196 3888 362 3965 corpora
392 3877 432 3940 et
454 3860 716 3950 collectiones,
750 3860 791 3937 in
819 3863 957 3966 quibus
982 3881 1210 3954 occurrunt,
1244 3891 1333 3942 cum
1358 3882 1535 3942 accurato
1567 3862 1776 3943 voluminis
1799 3848 1840 3941 et
1857 3864 1951 3941 solii
1978 3841 2120 3944 indicio

196 4001 386 4104 appositae
403 3999 555 4079 suerint.
583 4001 645 4077 De
665 4001 759 4104 hylo
778 4002 817 4078 in
840 4002 1071 4080 adstruendis
1091 4005 1402 4082 annotatIonibus
1426 4004 1737 4106 bibliographicis
1760 4020 1798 4079 et
1823 4004 2014 4082 litterariis
2039 4033 2119 4084 non

198 4140 408 4218 admodum
432 4138 631 4228 sollicitus,
655 4166 783 4244 neque
800 4140 1011 4245 prorsus'
979 4171 1058 4245 ejus
1081 4144 1277 4246 negligens
1300 4145 1366 4226 sui,
1399 4143 1533 4220 Visum
1553 4143 1657 4228 enim
1677 4142 1772 4222 rnihi
1798 4158 1842 4216 ut
1854 4142 2121 4242 jurisconsulto

197 4278 346 4386 semper
373 4265 503 4368 suit,
492 4306 531 4355 m
557 4281 632 4355 hoc
656 4306 795 4381 genere
819 4281 1098 4385 exposttionum
1119 4285 1250 4387 potius
1267 4284 1415 4360 claram
1438 4301 1477 4360 et
1497 4282 1738 4426 perspicuam
1766 4281 1996 4361 brevitatem
2034 4311 2122 4360 cum

200 4435 306 4495 recta
331 4417 569 4521 dispostione
588 4447 704 4526 quam
722 4437 903 4500 conatum
921 4422 1031 4526 exigi.
2003 4421 2017 4436 ”

393 4682 494 4760 Cum
518 4699 647 4760 autem
676 4685 750 4761 hoc
776 4683 960 4762 volumen
984 4687 1034 4762 ob
1062 4685 1253 4763 desectum
1278 4688 1496 4776 librorum,
1537 4686 1605 4789 qui
1630 4685 1675 4762 ad
1702 4683 1909 4761 secundum
1935 4685 2123 4763 saeculum
2179 4779 2183 4796 .

180 4815 525 4922 'typographicam
552 4822 695 4899 directe
720 4824 933 4924 pertinent,
977 4826 1273 4928 proportionem
1291 4827 1542 4930 reliquorum
1567 4823 1808 4906 voluminum
1833 4851 1913 4902 non
1940 4827 2119 4926 poenitus
2240 4891 2277 4928 s.

199 4957 405 5060 adaequet,
439 4961 659 5064 appendicis
681 4963 792 5042 instar
815 4964 1086 5076 bibliothecam
1114 4967 1324 5042 Camtbliae
1349 4968 1395 5047 cl,
1431 4965 1471 5041 P.
1493 4963 1617 5042 Marci
1635 4993 1656 5041 a
1673 4965 1708 5041 S.
1732 4963 1909 5046 Padusae
1934 4967 1999 5048 Er,
2022 4967 2118 5068 Aug.
2243 4993 2246 5000 ’
