4708 5878
203 264 276 338 270

195 431 310 535 stenar
329 431 539 531 Magistrum
551 433 824 532 sententiarum.
857 441 890 532 s)
909 435 1026 511 ‘Libri
1043 438 1140 510 vltt.

201 552 311 653 super
329 549 443 624 libros
466 549 707 650 Physicarum.
734 554 765 652 t)
793 554 905 655 Super
923 553 1141 656 Metaplrysi-

210 689 289 743 cam
308 669 418 743 Libri
436 671 522 746 Xll.
550 681 594 761 u)
619 673 731 772 Super
739 673 956 769 universalia
983 673 1144 775 Porphy-

209 789 268 875 rii,
295 803 331 860 et
360 803 472 860 artem
510 805 656 863 veterem
698 789 911 888 Aristotelii.
945 793 993 890 v)
1035 795 1147 892 Super

212 906 518 981 Praedicamenta.
545 917 599 1002 w)
628 910 739 1008 Super
762 908 1030 1011 consequentias
1048 912 1143 982 Stro-

158 1041 160 1048 “
211 1025 260 1100 di.
318 1026 368 1124 x)
399 1025 611 1125 Explicatio
643 1026 780 1102 Danaa
818 1030 983 1126 nogent·
1011 1027 1144 1102 Poetae

121 1137 123 1143 ⁸
209 1145 419 1236 Florentini.
454 1147 595 1245 y)'De
619 1143 801 1244 gustabili.
830 1148 872 1243 z)
899 1147 1008 1220 Libri
1029 1150 1074 1222 ll.
1100 1148 1144 1219 de

210 1264 329 1336 dubri's
354 1266 450 1336 cr'rca
481 1262 765 1363 Philosophiam.
807 1264 926 1338 Liber
954 1281 1145 1339 cartaceus

210 1382 291 1456 MS.
307 1381 475 1456 servatur
492 1382 527 1454 in
541 1382 779 1456 Bibliotheca
790 1381 907 1481 Regia
924 1383 1081 1458 Parihis.
1091 1384 1144 1479 A)

44 1515 49 1524 '
162 1501 169 1518 '
210 1501 268 1571 De
279 1495 423 1596 suturis
437 1499 733 1599 contragentibus.
760 1501 808 1595 B)
834 1504 893 1574 Dc
913 1505 1043 1574 notitia
1061 1503 1144 1577 Dei.

210 1619 267 1717 C)
285 1620 351 1692 ·De
371 1619 553 1692 condendo
578 1617 782 1710 Christiana
800 1620 1007 1716 testamenm
1035 1621 1142 1696 liber.

88 1773 93 1782 ·
210 1738 265 1836 D)
291 1737 410 1810 Liber
425 1739 470 1809 de
490 1736 677 1836 progressu
699 1739 847 1811 Ordinis
877 1739 915 1812 S.
934 1739 1140 1838 Augustini.

257 1897 468 1972 NIMITSCH
504 1895 572 1996 (P.
592 1897 758 1996 Ballas.)
796 1899 939 1973 Sitefita
958 1927 978 1974 e
995 1900 1081 1973 Soc.
1105 1901 1140 1972 J.

208 2015 865 2115 Ferdinandill.1mp.Concionator
879 2016 1021 2091 aulicus
1037 2018 1141 2091 dixit.

193 2197 196 2208 .
258 2155 465 2227 Orationem
497 2149 716 2268 funebrem!
735 2153 773 2227 in
806 2155 940 2230 sunere
969 2157 1142 2231 Sidoniae

205 2271 349 2345 Martae
377 2273 549 2346 'Conradi
573 2271 617 2345 L.
640 2273 686 2346 B.
711 2300 735 2345 a
766 2271 1006 2371 Thonhausen
1042 2275 1141 2348 filiae

205 2389 498 2476 amahtissimae.
535 2389 766 2464 conthoralis
792 2392 951 2464 Joannis
983 2393 1148 2465 Udalrr'ci

207 2506 388 2607 Principis
404 2507 451 2580 ab
470 2507 690 2605 Eggenberg
710 2508 911 2608 Capitanei·
923 2509 1142 2600 ¹Carnioliaa

205 2623 246 2698 in
272 2625 408 2723 lingua,
427 2623 661 2724 germanica,
715 2651 828 2725 quam
856 2627 1037 2700 hactenus
1062 2653 1141 2702 non

206 2743 303 2832 vidi,
332 2743 521 2817 laudatam
536 2758 664 2815 tamen
684 2743 810 2841 reperi
830 2742 867 2816 in
886 2743 1140 2818 JoeclreriLc-

182 2864 279 2938 wic.
305 2863 482 2934 Eruditor.
509 2877 716 2960 eapropter
734 2862 812 2958 ejus
838 2863 1065 2938 memoriam
1082 2890 1140 2938 re-

154 3027 162 3041 ι
207 2979 333 3053 colere
351 2977 606 3054 intermittere
624 2977 703 3052 non
724 2979 843 3079 potui.
1085 2970 1088 2976 ¹

226 3135 228 3142 ’
256 3161 516 3236 Nocaaorm
566 3161 719 3258 (Franc.
737 3161 851 3258 Xan)
905 3161 1018 3236 Carni
1042 3163 1076 3235 J.
1094 3161 1142 3237 U.

205 3276 353 3352 Doctor
370 3277 472 3378 typis
491 3276 700 3353 mandavit:
855 3293 862 3306 “

596 219 600 226 ’
728 317 735 324 ,
857 255 1162 314 rtruortmctr.
1190 255 1468 318 emmonem
1540 249 1555 276 ‘

1262 439 1321 512 De
1337 437 1580 540 repressalrum
1588 437 1736 538 lustitia.
1753 439 1863 512 Vien.
1882 437 1984 537 apud
2001 433 2153 509 Gerold
2193 411 2204 431 ³

1221 558 1324 656 1780.
1351 559 1390 630 in
1405 561 1439 632 8.

1266 698 1516 772 Nommcrr
1553 698 1709 796 (Joan.)
1744 695 1960 771 Canonicua
1986 691 2154 767 civitatis

1215 815 1387 891 Austriae
1412 817 1601 915 (Crhr'dal)
1628 815 1666 888 in
1685 817 1716 888 F
1717 813 1898 914 orojuli0‚
1926 809 2153 886 Goritienfis

1217 933 1518 1032 Archidiaconui
1544 929 1743 1018 Tutmini,
1777 949 1815 1008 et
1842 929 2049 1030 Delegatus
2077 929 2154 1000 Ar-

1217 1051 1505 1154 chiepiscopalis
1525 1049 1686 1152 scripsit:

1268 1188 1565 1289 Insonnatronem
1592 1182 1805 1287 historicam¹
1826 1187 2159 1261 Archidraconatus

1225 1311 1390 1382 Tulmr'ni
1404 1311 1442 1382 in
1464 1307 1736 1405 Archriiroecesi
1750 1305 1952 1402 Gon'trensi
1980 1328 2097 1405 quam
2115 1301 2156 1373 in

1217 1428 1319 1502 suam
1339 1406 1529 1502 Austriam
1545 1425 1686 1500 [acram
1702 1421 1948 1526 transscripstt
1960 1423 2001 1496 P.
2011 1420 2156 1498 Marra-

1216 1571 1286 1618 nus
1310 1545 1421 1619 Parte
1446 1547 1511 1618 111.
1536 1543 1582 1616 T.
1598 1547 1644 1617 V.
1670 1569 1754 1644 pag.
1781 1551 1863 1641 409.

1265 1683 1629 1780 Nonnalrasolutzrhn
1653 1683 1749 1757 tiber
1772 1681 1837 1756 das
1864 1681 2058 1754 statutum
2086 1675 2157 1748 der

1215 1801 1324 1877 stadt
1346 1799 1592 1896 TuastTriest
1612 1802 1717 1898 1767.
1735 1801 1773 1873 in
1789 1799 1853 1872 tol.
1870 1797 1995 1880 italico
2013 1811 2051 1869 et
2068 1819 2156 1914 gers

1216 1921 1366 1996 manico
1384 1918 1575 1994 idiomate.

1267 2061 1445 2132 NovacK
1470 2055 1601 2157 (Igu.)
1629 2055 1740 2130 Carn.
1757 2049 2072 2155 Rudolphiwcrd.
2092 2049 2156 2124 de-

1216 2175 1336 2250 fendit
1355 2174 1506 2248 Graecii
1523 2171 1736 2248 universam
1753 2169 2057 2273 Philosophiam,
2085 2166 2152 2241 tub

1216 2319 1294 2394 quo
1318 2292 1472 2391 publico
1497 2309 1583 2367 actu
1614 2291 1807 2366 distributa
1829 2289 1927 2364 tuit:
1964 2289 2041 2364 vid.
2074 2287 2158 2361 Mo*

1216 2409 1403 2484 ranscter
1415 2409 1481 2484 sub
1500 2409 1575 2484 Lit.
1602 2411 1655 2486 M.
2191 2403 2204 2430 ⁸

1264 2551 1459 2622 NUcLEUs
1479 2547 1692 2650 synopticus
1716 2571 1866 2633 rerum,
1901 2561 1939 2619 et
1971 2545 2155 2619 monaste-

1214 2667 1363 2741 riorum
1403 2667 1553 2740 Ordinis
1575 2667 1609 2739 S.
1631 2664 1787 2739 PauliI.
1815 2665 2026 2746 Eremitae,
2076 2661 2156 2757 jam

1214 2785 1496 2858 Monachorum
1515 2783 1553 2856 in
1571 2781 1773 2856 Provincia
1794 2779 2156 2856 Istriana-maritima

1215 2931 1236 2978 a
1258 2902 1299 2976 P.
1314 2901 1493 2976 Matrona
1517 2901 1556 2974 in
1580 2900 1665 2976 suae
1695 2899 1864 2974 Austriae
1892 2896 2016 2973 sacrae
2040 2898 2155 2972 Parte

1215 3023 1278 3094 111.
1305 3019 1350 3094 T.
1368 3022 1409 3092 V.
1435 3045 1522 3120 pag.
1542 3019 1623 3108 433.
1651 3017 1829 3092 affumtus
1852 3021 1912 3095 est.

1265 3159 1404 3232 Notitia
1426 3158 1576 3258 Imperii
1596 3156 1821 3254 Moscorilicr'.
1854 3155 2023 3258 Graccii,
2051 3153 2155 3254 typis

1217 3275 1512 3352 Widmanstadii
1543 3277 1645 3374 1737.
1672 3274 1711 3350 in
1732 3301 1783 3348 12.
1911 3371 1915 3378 Ι

598 3712 1774 3874 ohrcaourflaca

933 3941 1282 4062 Scrinium
1333 3939 1434 4014 XIV.
1694 3934 1699 3952 ’

1034 4101 1040 4110 ’
1138 4111 1234 4172 sub

859 4345 865 4360 ,
933 4311 934 4314 ¹
1036 4265 1235 4339 Littera
1288 4263 1336 4338 Ο.

216 4431 430 4541 omisa
466 4469 617 4565 (nna).
652 4466 727 4542 vta.
759 4465 1081 4542 attractam.
1101 4467 1148 4542 r.

107 4621 132 4698 ·‘
215 4603 252 4660 et
268 4581 580 4682 Laurentsclu'tsclz
604 4584 670 4661 sub
693 4585 768 4658 Lit.
794 4585 838 4660 L.

261 4724 386 4798 Ottno
414 4724 794 4821 Psalten'isecundum
815 4703 975 4812 morem,
1002 4740 1038 4798 et
1062 4749 1149 4800 con-

59 4859 61 4866 ‘
201 4845 430 4940 suetudinem
446 4846 570 4918 almae
591 4843 777 4941 Ecclesiae
797 4840 1047 4944 Aquilelansea.
1074 4845 1151 4918 Ve-

212 4978 288 5035 net.
300 4989 369 5060 per
379 4962 509 5035 Franc.
523 4962 568 5037 de
580 4960 768 5036 Hailbrun
783 4961 1148 5040 MCCCCLXXXt.

167 5167 170 5174 .
215 5079 255 5152 in
269 5079 302 5150 8.
322 5095 511 5156 caractere
536 5083 678 5156 vetusto
698 5078 810 5179 super
825 5106 1055 5181 pergamena
1077 5080 1149 5156 im·

1222 4461 1378 4566 pressus,
1404 4456 1608 4540 custoditur
1633 4465 1672 4538 in
1704 4463 1943 4541 Bibliotheca
1968 4465 2157 4566 Principis

1224 4583 1269 4658 ab
1286 4582 1499 4682 Aversperg
1519 4583 1668 4658 Labaci.
1696 4583 1805 4684 Opus
1826 4583 2062 4682 rarissimum.
2108 4577 2113 4582 ¹

1275 4723 1426 4797 OTHEL
1474 4723 1642 4821 (Marcus
1657 4724 1766 4821 Ant.)
1817 4749 1863 4798 ex
1882 4687 2000 4798 nihili
2020 4751 2156 4822 genere

1225 4841 1333 4917 Utini
1352 4859 1480 4926 natus,
1504 4844 1539 4916 J.
1556 4843 1603 4916 U.
1623 4843 1672 4920 D.
1687 4833 1817 4916 docuit
1831 4844 1901 4916 Jua
1920 4842 2030 4916 civile
2048 4841 2156 4916 Utini

1224 4987 1312 5035 cum
1332 4958 1486 5060 publico
1509 4958 1649 5060 plausu.
1678 4949 1818 5057 Quare,
1838 4976 1881 5034 ut
1894 4960 2156 5040 ,Paduamtra-

1222 5081 1390 5166 heretur,
1407 5105 1509 5155 nova
1522 5078 1627 5154 turis
1643 5077 1834 5156 Cathedra
1850 5079 1996 5156 Patavii
2012 5085 2059 5156 er
2076 5105 2157 5154 ere-
