4708 5878
890 1251 1513 1365 PROOEMIUM.

214 1777 545 1883 Bibliothecama
563 1809 666 1892 βιβλις
682 1787 827 1884 (liber)
847 1804 885 1861 et
902 1805 981 1881 θηιη
1002 1786 1292 1890 (Repositorihm)
1309 1792 1519 1868 derivatam
1536 1792 1726 1868 nominari
1747 1789 1932 1896 quoniam
1947 1797 2147 1896 plurimos,
2262 1895 2272 1904 .

169 1995 179 2022 κ
215 1945 277 1994 me
292 1943 372 1991 non
390 1928 581 1998 monente,
603 1909 697 1984 scire
709 1907 843 1980 ‘nultus
861 1906 1013 1981 dubito:
1030 1909 1346 2010 nequepluribus
1369 1937 1672 1995 commemorare
1690 1911 1879 1992 necessum
1896 1915 2012 2002 duco;
2030 1915 2146 1991 deno·
2175 1979 2185 2002 ,

214 2036 442 2111 minutiones
459 2029 612 2116 tamen,
626 2027 827 2126 variasque
842 2025 1009 2100 nominis
1029 2027 1140 2125 hujus
1159 2027 1422 2128 usurpationes
1435 2056 1514 2104 non
1530 2031 1595 2106 abs
1610 2056 1653 2106 re
1671 2030 1892 2132 exposuero.
1904 2032 2051 2110 Exinde
2062 2059 2147 2108 corr·

213 2157 314 2228 clare
331 2153 471 2253 ipsum,
491 2149 555 2223 ubi
576 2147 668 2223 libri·
684 2144 964 2226 reconduntur,
983 2145 1220 2220 Bibliotheca
1235 2145 1358 2221 audiri
1386 2150 1534 2249 coepit:
1557 2149 1651 2224 item
1667 2165 1706 2224 et
1720 2141 1891 2223 Izhroram
1901 2140 2147 2250 scriptoram,

213 2301 252 2346 ee
269 2273 440 2346 collectio.
466 2268 664 2342 Diodorum
692 2279 890 2364 praeterea
909 2261 1081 2337 Siculum
1106 2262 1191 2338 suae
1208 2266 1258 2336 H
1248 2265 1409 2361 βοιιιιι
1428 2283 1465 2341 et
1477 2265 1664 2355 Phottam
1684 2267 1944 2343 Patriarcham
1963 2270 2145 2344 Conslan-

210 2389 508 2490 tinopolitanum
533 2385 598 2458 suo
619 2383 816 2456 Extractui
838 2409 887 2456 ea
910 2383 1022 2455 ιιιιίίι
1041 2380 1191 2482 seraptis
1219 2400 1368 2458 ceteram
1389 2411 1533 2461 nomen
1552 2385 1812 2462 Bibliothecae
1828 2365 2040 2486 imposuisse
2058 2388 2143 2490 quis

211 2505 488 2582 Eruditorum
475 2531 550 2602 Jam
570 2499 650 2576 non
665 2501 798 2575 novit?
1451 2507 1460 2530 '

307 2627 378 2702 Vis
395 2625 483 2699 alias
498 2623 623 2698 adhuc
643 2620 749 2694 vocis
773 2621 887 2718 hujus
902 2619 1204 2719 acceptationes?
1219 2620 1336 2720 Apud
1356 2621 1472 2697 medii
1494 2649 1576 2698 aevi
1567 2623 1802 2723 scriptores
1819 2577 2058 2702 tantumdem
2077 2625 2143 2725 fig-

211 2745 358 2831 nificat,
385 2743 491 2846 quod
515 2741 686 2815 Collectio
711 2739 914 2814 Bibliorum
936 2741 1037 2824 novi,
1061 2755 1096 2811 et
1112 2741 1238 2812 veteris
1259 2736 1490 2836 Testamenti,
1516 2758 1561 2816 ut
1585 2741 1625 2814 in
1646 2743 1821 2816 Chronica
1840 2743 2144 2841 Mouriitiacenszs

212 2863 272 2937 lib.
300 2890 329 2934 ι.
344 2887 428 2962 pag.
448 2863 531 2936 360.
552 2862 677 2959 legere
695 2862 759 2934 ell
784 2859 949 2944 „Totam
957 2856 1236 2932 Bibliothecam
1255 2857 1531 2956 hancaGenesi
1544 2887 1666 2961 usque
1686 2860 1733 2935 ad
1750 2859 1926 2935 ultimam
1943 2861 2143 2962 Pouliepi-

212 2979 365 3068 „stolam
383 2979 628 3056 emendavit.u
644 2981 691 3052 Et
709 2975 813 3050 Addo
826 2974 1049 3049 Vienennsts
1068 2973 1204 3049 scribit.
1224 2975 1425 3072 „Eufiebaits
1440 2977 1640 3053 Caesareae
1662 2975 1897 3075 Palestmae'
1886 3005 1926 3050 ιιι
1947 2975 2142 3077 scripturis

209 3096 375 3188 „divinis
406 3096 709 3181 studiosissimus,
740 3121 783 3169 ac
816 3092 1070 3166 Bibliothecae
1103 3093 1254 3168 divinae
1288 3121 1376 3168 cum
1415 3095 1619 3196 Pamphylo
1646 3097 1820 3221 Martyre
1846 3095 2145 3194 diligentissimus

212 3217 512 3317 pervestigator?
539 3215 667 3312 Quam
691 3211 989 3312 acceptationem
1008 3209 1167 3313 sequens
1190 3239 1236 3286 ex
1251 3213 1433 3286 tabulario
1457 3215 1492 3286 S.
1511 3213 1637 3287 Mauri
1647 3195 1694 3289 aid
1711 3215 1874 3312 Ligerem
1902 3229 2030 3286 textus
2051 3239 2142 3289 con

197 3337 390 3429 sirmate,
393 3336 565 3422 ,Donum
591 3349 720 3408 autem
742 3331 943 3405 confirmat
967 3329 1200 3404 Bibliotheca
1223 3331 1384 3416 veteris,
1408 3347 1446 3406 et
1467 3331 1814 3408 novisanamentis'
1836 3333 1894 3404 Est
1914 3330 2030 3405 etiam
2047 3333 2142 3407 haec

209 3451 648 3552 fignificationistermini
659 3449 869 3549 acceptatio
878 3448 987 3522 valde
997 3447 1202 3536 familiaris,
1222 3476 1264 3522 ac
1280 3449 1422 3536 usttata,
1445 3474 1565 3550 quum
1575 3446 1778 3548 usurpatur
1796 3449 1841 3524 de
1857 3448 1994 3524 talibus
2019 3449 2147 3538 libris,

209 3571 248 3648 in
266 3573 404 3672 quibus
422 3571 484 3646 alii
502 3570 586 3646 libri
606 3581 898 3652 enumerantur,
918 3582 956 3640 et
971 3565 1232 3655 recensentur,
1254 3595 1289 3645 v.
1316 3593 1349 3665 g.
1381 3566 1612 3657 Bibliotheca
1631 3566 1856 3642 Rabbihica:
1885 3565 2142 3672 Bibliotheque

208 3691 414 3787 rozyonae'e:
434 3682 663 3762 Bibliotheca
683 3686 969 3784 Augustihehna,
989 3683 1227 3782 Allgemeine
1245 3685 1421 3760 deutsche
1438 3685 1673 3760 Bibliothek.
1690 3703 1759 3760 etc.

179 3795 184 3806 ’
302 3807 420 3907 Cujus
443 3805 617 3906 praesens
648 3807 722 3888 hoc
756 3793 966 3876 Comtbliae
989 3801 1221 3878 Bibh'otheca
1244 3804 1285 3878 stt
1310 3805 1479 3902 generis,
1509 3829 1556 3878 ex
1586 3803 1752 3904 allegatis
1776 3805 2048 3907 inflpropatulo
2071 3812 2137 3894 cll,

209 3953 367 4028 nempe:
396 3924 515 3999 Liber
537 3907 605 4012 est,
634 3923 674 3996 in
701 3949 778 4024 quo
804 3923 992 3995 Auctores
1016 3919 1164 3996 Patriae
1182 3927 1352 4010 nostrae<
1373 3949 1587 4024 eorumque
1602 3922 1752 3998 codices
1776 3923 1966 4028 impressi,
1985 3941 2023 3999 et
2044 3925 2135 4000 Mss.

209 4060 464 4145 exponuntur.
480 4032 699 4117 Auctores
690 4067 845 4142 inquam
862 4038 1030 4124 Patriae,
1050 4065 1146 4140 quae
1167 4039 1279 4125 olim,
1299 4057 1341 4114 ut
1356 4057 1510 4128 notum
1527 4041 1920 4142 perspectumqueest,
1937 4067 2016 4115 non
2028 4043 2136 4130 adeo

206 4179 249 4237 ut
268 4163 404 4248 hodie,
427 4161 585 4260 augustis
601 4158 783 4234 limitibus
801 4157 1159 4244 circumlerehatur
1195 4159 1404 4246 Auctores,
1423 4187 1489 4262 qur
1480 4158 1570 4234 vel
1593 4159 1680 4258 ipst,
1699 4159 1759 4234 vel
1779 4185 1915 4234 eorum
1933 4176 2140 4259 partusm

207 4307 305 4380 genu
323 4306 487 4379 primam
506 4307 546 4352 ιιι
579 4279 780 4361 caraiath,
804 4277 974 4352 adsltisve
998 4277 1209 4350 Carmoliae
1228 4275 1366 4351 limbus
1384 4275 1509 4352 lucem
1528 4276 1726 4350 viderunt
1756 4276 1816 4351 vel
1835 4277 1980 4351 rnMss
1999 4277 2137 4354 alicubi
2200 4353 2206 4362 ,
2248 4353 2251 4364 ,

207 4398 245 4472 in
265 4398 390 4472 Patria
409 4397 540 4472 inediti
558 4399 686 4472 latent.
703 4395 955 4471 Hocidemcl.
970 4395 1119 4472 Patriae
1133 4395 1524 4495 nollraeScriptores:
1549 4394 1783 4492 Valeasonos,
1808 4394 2048 4494 Thalbergeos
2067 4412 2137 4471 etc.

207 4543 268 4592 me
287 4516 397 4590 citius
418 4515 665 4618 aliquomodo
680 4504 869 4614 prolusisse
880 4513 1011 4588 sateor.
1036 4514 1115 4588 Cur
1135 4539 1206 4611 ego
1229 4539 1293 4586 eos
1313 4512 1350 4586 in
1371 4511 2022 4607 texendoEruditorumnoltrotum
2040 4530 2140 4588 cata-

207 4635 294 4734 logo
310 4633 431 4735 presso
454 4661 533 4710 non
551 4633 685 4735 sequar
709 4631 831 4733 pede?
855 4631 959 4728 Quid
987 4631 1141 4706 multis?
1161 4630 1202 4704 Si
1220 4657 1291 4704 nec
1309 4656 1407 4706 unus
1429 4634 1496 4715 est,
1518 4629 1585 4730 qui
1605 4629 1801 4718 Hislorici,
1831 4645 1896 4706 aut
1917 4633 2138 4732 Geographi

171 4757 178 4760 ’
206 4777 349 4828 nomen
367 4753 589 4854 profitetur,
620 4768 659 4826 et
676 4748 889 4824 vicinarum
911 4748 1097 4823 Gentium
1116 4777 1177 4823 res
1196 4753 1327 4848 gestas,
1347 4749 1404 4822 ob
1424 4747 1665 4822 individuum
1688 4773 1824 4833 eorum
1844 4748 2139 4836 commercium,
2169 4763 2174 4772 '

207 4871 395 4970 linguam,
419 4859 456 4946 el
482 4871 581 4946 inter
599 4869 634 4944 se
660 4895 826 4954 nexum,
852 4885 890 4942 et
908 4866 1057 4954 similia,
1079 4893 1158 4942 non
1180 4866 1347 4967 attingat.
1375 4865 1637 4942 Consormiter'
1649 4891 1720 4968 ego
1741 4863 1887 4941 versor:
1914 4865 2138 4974 Cerinthos,

204 4989 374 5076 Vindos,
388 4987 689 5086 ,Porojulienses
717 4989 846 5074 lstros,
864 5001 932 5060 etc.
955 4985 1139 5086 usquead
1166 4985 1281 5060 maris
1299 4984 1484 5060 Adriatici
1505 4985 1619 5090 litora
1642 4983 1902 5060 conterminos
1919 4984 2137 5084 Scriptores

201 5107 247 5210 in
265 5108 362 5206 hanc
383 5108 660 5184 Bibliothecam
677 5103 839 5181 assumo:
857 5120 1024 5181 attamen
1037 5129 1117 5178 non
1139 5103 1191 5180 ita
1205 5103 1278 5180 late
1300 5102 1483 5205 protensts
1502 5101 1708 5190 limitibus,
1732 5117 1776 5179 ut
1799 5103 2140 5204 (quemadmodum

345 5221 354 5250 1
