4708 5878
1011 241 1308 363 ''rnooanr‘um
1382 261 1390 276 ·
1516 225 1521 236 ’
2064 283 2143 362 209

206 453 388 528 onerant,
408 440 509 541 quali
521 441 648 516 Patria
665 445 788 523 nollra
807 442 952 529 nullos,
971 444 1032 518 vel
1050 443 1209 518 omnino
1224 469 1330 518 raros
1349 444 1654 544 progerminaret
1677 446 1876 538 Eruditos,
1894 447 2050 540 defectu
2067 455 2135 529 vel

200 558 510 644 talentorumvel
520 551 746 658 diligentiae,
759 563 818 636 vel
829 562 1094 636 lllecaenatum
1106 592 1114 634 :
1125 553 1508 662 fivequoddnumesl,
1524 563 1703 666 idemque
1715 565 1918 654 exinertia,
1929 586 2134 669 pauperta-

203 694 243 752 te
254 693 319 752 aut
329 676 815 758 literarumhorrore.Volo
825 679 1048 780 inquamhis
1058 681 1537 768 soliisAuctorirmTerrae,
1547 698 1586 756 et
1597 683 1924 788 Linguaepatriae
1933 687 2137 764 Cultorum

207 819 376 898 quorum
395 821 514 896 opera
525 796 603 892 jam
618 823 697 870 non
717 798 825 872 facile
843 797 974 872 haberi
992 797 1160 898 possunt,
1183 798 1409 873 memoriam
1427 799 1611 875 oblivioni
1627 800 1787 910 eripere.
1808 805 1911 878 Volo
1935 820 1974 880 et
1986 805 2138 893 nollris,

91 933 100 948 “
208 929 247 988 et
268 914 420 988 Patriae
438 914 653 1000 consulere,
677 915 767 988 dum
787 915 948 1014 gloriam
968 916 1138 1003 Patriae,
1159 944 1255 1017 quae
1272 915 1357 992 suos
1382 916 1445 990 libi
1464 917 1612 1016 genuit,
1634 919 1803 1020 aluitque
1823 921 2063 1022 Scriptores,
2096 921 2136 996 in

209 1031 530 1106 iisconservatum
548 1059 608 1111 eo.
626 1034 796 1119 Vellem,
814 1033 945 1118 utfilii,
963 1050 1004 1108 et
1014 1029 1174 1134 nepotes
1193 1034 1395 1135 omnisque
1409 1035 1751 1123 nostraPosteritas,
1772 1043 2015 1140 posteaquam
2035 1039 2146 1116 vide·

186 1149 304 1238 rint,
331 1165 368 1224 et
393 1149 573 1248 legerint,
599 1177 697 1251 quae
725 1151 891 1248 Majores
915 1151 1030 1226 nostri
1050 1179 1188 1252 magno
1212 1177 1300 1226 cum
1317 1151 1442 1227 labore
1458 1155 1662 1243 comentati
1680 1155 1782 1240 sunt,
1813 1172 1851 1231 et
1873 1183 1952 1230 non
1981 1155 2142 1233 modicis

207 1265 392 1342 sumtibus
418 1267 561 1366 publici
574 1268 669 1366 juris
690 1268 880 1342 fecerunt:
907 1285 944 1343 et
964 1269 1016 1342 illi
1037 1297 1108 1370 pro
1137 1270 1371 1358 illustranda,
1404 1271 1782 1373 commendandaque
1809 1273 1935 1348 Patria
1961 1274 2007 1348 ad
2035 1275 2144 1375 paria

207 1383 357 1468 saltem,
374 1384 398 1456 li
416 1411 495 1460 non
515 1385 561 1460 ad
580 1386 722 1482 majora
737 1385 910 1476 audenda
925 1387 1204 1462 exsuscitantur.
1230 1389 1333 1463 Volo
1348 1386 1546 1488 sanguine,
1563 1389 1767 1476 affinitate,
1788 1385 2042 1468 familiaritate
2056 1394 2142 1489 jun·

209 1502 297 1588 ctis,
319 1503 597 1589 conterraneis,
618 1503 839 1604 oppidanis,
858 1505 1004 1579 'civibus
1017 1562 1032 1618 ,Ι
1052 1505 1386 1580 contubernalibus
1405 1521 1475 1582 etc.
1495 1507 1721 1583 continuum
1740 1507 1934 1610 quoddam
1959 1510 2075 1586 animi
2085 1509 2144 1584 so-

211 1620 363 1712 latium,
382 1636 419 1694 et
436 1646 574 1696 munus
592 1623 752 1708 offerre,
771 1623 863 1696 dum
879 1622 1193 1722 consanguineos,
1210 1624 1363 1709 affines,
1379 1624 1600 1711 familiares,
1618 1625 1658 1698 in
1676 1625 1812 1701 eodem
1828 1623 2143 1728 secumsolopro·

210 1754 366 1838 gnatos,
389 1739 428 1812 in
448 1739 633 1814 eodemve
649 1741 685 1813 8.
707 1740 853 1815 Ordine
867 1741 1068 1841 professos,
1085 1741 1232 1842 paucis:
1253 1741 1293 1815 in
1310 1769 1388 1816 uno
1406 1743 1534 1818 libello
1555 1743 1673 1818 libros
1692 1743 1879 1844 plurimos
1897 1771 2051 1832 eorum,
2075 1746 2143 1847 qui

210 1855 315 1930 domi
327 1859 479 1932 noslrae
497 1855 685 1944 scientias,
705 1858 821 1932 bonas
838 1875 959 1944 artes,
976 1876 1013 1934 et
1038 1860 1142 1960 quod
1163 1875 1275 1960 caput
1296 1863 1363 1946 est,
1383 1861 1640 1952 orthodoxam
1664 1861 1921 1962 Religionem,
1938 1863 2142 1963 pietatem,
2189 1881 2192 1888 '

97 2011 101 2020 ·
212 2000 442 2074 morumque
461 1974 735 2074 simplicitatem
758 1975 968 2108 plurimum
992 1995 1287 2076 promoverant,
1311 1977 1526 2077 conspectui
1550 1979 1709 2077 objicio,
1733 2007 1831 2080 quos
1860 1980 2030 2080 poliunt,
2056 2007 2145 2054 cum

9 2089 10 2098 ’
101 2122 106 2130 ·
212 2091 385 2176 libuerit,
406 2092 552 2166 stnon
543 2121 581 2167 ιιι
600 2120 806 2193 originario
819 2121 955 2194 opere
971 2093 1127 2168 saltem
1118 2111 1218 2169 mter
1238 2095 1451 2170 Carmolrae
1470 2096 1651 2170 Erudrtos
1666 2123 1802 2174 eorum
1818 2098 1992 2184 nomina,
2011 2116 2048 2172 et
2064 2125 2145 2172 me

209 2226 282 2284 rita
301 2237 340 2283 m
367 2210 608 2296 litterariam,
632 2213 899 2313 politicamve,
931 2229 995 2287 aut
1014 2213 1300 2288 Ecclestastrcam
1320 2214 1614 2313 Rempublrcam
1632 2215 1775 2314 legere
1804 2241 1847 2290 ac
1863 2216 1910 2290 de
1928 2216 2144 2315 generatio

210 2353 259 2402 ne
286 2328 324 2402 in
352 2311 637 2428 generationem
665 2331 864 2406 deducere.
891 2301 1174 2426 Perjucundum
1194 2357 1337 2432 quippe
1354 2335 1401 2406 est
1420 2332 1727 2432 omnitempore
1748 2333 1894 2418 amico,
1922 2359 2011 2408 cum
2024 2332 2145 2408 amici
2219 2391 2233 2418 ,

175 2461 177 2466 '
209 2445 290 2520 sui
281 2474 318 2520 ιιι
337 2445 372 2520 se
394 2448 549 2560 aliquo
538 2449 724 2524 memoria
738 2449 939 2524 refricetur
963 2450 1098 2582 elogio.
1116 2452 1164 2526 Et
1189 2448 1405 2524 descientia
1424 2449 1540 2551 quid?
1566 2451 1653 2548 Ejus
1678 2450 1758 2526 laus
1779 2451 1959 2549 perennis
1979 2455 2037 2527 eil
2064 2453 2146 2524 Λιι-

211 2581 413 2678 ctoresque
430 2547 658 2668 plerumque
674 2572 754 2666 post
770 2567 906 2641 funera
923 2567 1042 2666 magis
1065 2567 1105 2639 in
1127 2565 1199 2641 suis
1226 2567 1406 2668 operibus
1424 2568 1579 2656 vivunt,
1602 2585 1770 2672 atque
1732 2566 1770 2641 s
1774 2567 2001 2686 spiciuntui‚
2028 2595 2145 2668 quam

211 2710 300 2758 cum
319 2682 470 2758 adhuc
461 2702 561 2762 mter
576 2687 755 2760 mortales
772 2685 970 2786 degebant
985 2686 1053 2758 Vel
1070 2701 1182 2785 turpe
1198 2709 1275 2764 non
1293 2685 1389 2772 fit
1380 2713 1418 2758 ιιι
1448 2685 1637 2760 Patria
1602 2713 1753 2772 vivere,
1779 2703 1817 2760 et
1841 2686 2046 2760 Patriam·
2037 2714 2144 2784 igno-

209 2803 329 2874 rare?
350 2800 471 2888 Volo,
489 2819 531 2876 ut
553 2805 682 2903 plures
699 2803 790 2876 inid
808 2805 1029 2878 incumbant
1045 2803 1181 2901 magis,
1198 2818 1242 2876 ut
1257 2804 1316 2876 vel
1333 2802 1397 2902 ipsi
1417 2803 1576 2877 eruditis
1596 2803 1946 2878 elucubrationibus
1967 2803 2141 2903 Scripto-

211 2945 299 2992 rum
322 2919 470 2996 Patriae
485 2947 690 2998 numerum
716 2938 897 3020 augeant,
918 2939 983 2996 aut
1007 2947 1072 2997 eos
1091 2919 1237 3024 saltem
1262 2948 1359 3021 quos
1386 2920 1600 3007 doctrinae,
1619 2939 1657 2996 et
1684 2906 1910 2996 eruditionis
1927 2921 2027 2996 sama
2044 2923 2144 2996 cele·

211 3037 299 3112 brea
315 3038 464 3125 norint,
484 3039 720 3139 patrocinio,
737 3040 981 3126 auctoritate,
1001 3066 1075 3140 ope
1092 3038 1314 3115 susl'ulciant
1652 3026 1657 3036 ’

306 3178 431 3266 Volo,
452 3195 517 3266 ut,
540 3201 637 3280 quae
662 3179 808 3252 rariora
825 3179 1031 3264 habentur,
1051 3195 1087 3253 et
1105 3178 1350 3278 reperiuntur
1368 3177 1611 3277 Scriptorum
1633 3177 1782 3251 Patriae
1802 3204 1938 3276 opera,
1968 3175 1990 3248 fi
2017 3176 2076 3250 cui
2097 3177 2144 3260 ad

211 3321 345 3370 manus
363 3296 536 3384 veniant,
555 3299 718 3395 majore,
734 3321 850 3397 quam
869 3299 1050 3372 hactenus
1068 3323 1158 3372 cura
1174 3295 1472 3386 conserventur,
1487 3295 1824 3394 dubitantibusque
1841 3292 1953 3393 sqper
1974 3293 2032 3367 bis
2058 3321 2139 3370 cer-

211 3427 289 3488 tam
308 3414 422 3488 sidem
440 3415 589 3492 saciant.
605 3413 773 3491 Demum
791 3417 865 3490 hoc
881 3415 1010 3490 labore
1028 3416 1136 3502 volo,
1161 3431 1200 3489 et
1222 3413 1400 3500 intendo,
1428 3429 1472 3488 ut
1490 3439 1579 3488 cum
1596 3411 1755 3496 exteris,
1779 3427 1863 3484 tum
1878 3412 2138 3499 conterraneis

214 3547 360 3633 pateat,
385 3559 500 3634 quam
533 3533 798 3619 materiarum,
817 3550 1178 3632 argumentorumve
1204 3531 1457 3606 diversttatem
1473 3529 1689 3630 Scriptores
1709 3528 1824 3604 nollri
1841 3527 2031 3630 prosecuti
2056 3529 2143 3604 sint:

212 3665 475 3750 quantumque
502 3651 593 3726 baec
618 3637 665 3725 ad
691 3652 868 3727 notitiam
892 3652 1122 3736 historicam,
1148 3643 1196 3724 ad
1223 3651 1438 3734 literarum,
1465 3649 1558 3723 artis
1577 3647 1896 3749 typographicae,
1927 3645 2143 3747 bibliopolii

209 3765 371 3866 publici,
391 3767 620 3866 Religionis,
634 3770 904 3868 Genealogiae',
924 3769 1103 3844 Politicae
1116 3785 1184 3842 etc.
1204 3767 1436 3868 progressum
1451 3766 1597 3842 saciant.
1614 3768 1804 3840 Volebam
1815 3765 1950 3840 -mei
1962 3790 2145 3864 pneuma-

215 3886 262 3958 tis
282 3887 517 3960 contentioni
538 3886 720 3961 succurrit
735 3887 869 3988 aliquis
890 3888 1036 3962 dicens:
1064 3888 1257 3974 volebam,
1276 3903 1319 3959 ut
1344 3886 1468 3960 omnis
1485 3886 1654 3960 Patriota
1672 3885 1730 3958 his
1747 3884 1854 3993 libris
1872 3882 1975 3957 suam
1992 3882 2147 3956 inllr'uat

218 4003 506 4079 Bibliothecam.
531 4006 626 4079 Pace
647 4008 750 4079 mea!
769 4007 829 4080 etst
852 4007 925 4080 hoc
940 4033 1020 4080 non
1038 4006 1172 4090 velim,
1191 4005 1358 4104 perbene
1376 4031 1532 4103 gnarus:
1557 4003 1865 4087 Biblr‘omum‘am,
1883 3999 2149 4074 infirmitatem

215 4121 285 4196 esse
304 4122 515 4222 plurimum
532 4123 802 4210 Eruditor'um,
823 4125 883 4200 seu
901 4123 1030 4223 potius
1052 4149 1205 4208 eorum,
1227 4121 1291 4224 qui
1310 4124 1428 4196 hocce
1446 4121 1569 4196 seculo
1586 4120 1745 4207 eruditi,
1763 4136 1801 4194 et
1819 4117 1921 4192 docti
1939 4116 2060 4192 videri
2075 4142 2144 4190 vo·

215 4241 297 4314 lunt
316 4267 361 4316 ex
388 4267 455 4327 eo,
485 4241 587 4342 quod
609 4243 795 4342 plurimos
814 4241 930 4316 libros
949 4241 1167 4342 poffideant.
1194 4237 1390 4342 Ejusmodi
1415 4239 1563 4336 generis
1588 4237 1808 4312 infirmitate
1838 4237 2012 4311 laborans
2040 4233 2145 4308 suain

214 4356 463 4446 felicitatem,
481 4379 517 4435 et
538 4361 834 4438 consolationem
852 4360 1089 4460 gloriamque
1109 4359 1259 4460 quaerit
1277 4357 1402 4458 velia
1423 4356 1500 4432 sola
1526 4354 1743 4456 possessione
1769 4352 1991 4428 numerosae
2016 4352 2150 4452 copiae

215 4475 414 4565 librorum,
431 4505 509 4552 non
524 4480 569 4553 ad
580 4481 623 4553 iis
644 4481 840 4566 utendum,
861 4478 922 4554 sed
937 4479 982 4553 ad
995 4505 1059 4553 eos
1070 4476 1298 4566 habendum,
1312 4493 1353 4550 ut
1364 4476 1630 4570 tantummodo
1640 4473 1685 4548 ad
1699 4471 1913 4548 ornandum
1929 4470 2152 4545 cubiculum

219 4614 256 4672 et
269 4596 544 4671 conciliandam
554 4579 778 4672 eruditionis
792 4598 929 4672 samam
942 4596 1160 4671 deserviant.
1175 4593 1586 4694 Librorumphilantia,
1598 4591 1621 4666 st
1633 4589 1847 4692 prudentia,
1863 4606 1902 4666 et
1909 4588 2150 4664 scientiarum

151 4707 154 4712 ¹
198 4712 349 4821 'spiritu
365 4741 445 4788 non
474 4713 636 4815 regitur,
668 4715 871 4816 degenerat
891 4716 929 4790 in
955 4715 1131 4789 maniam.
1147 4715 1358 4788 Librorum
1372 4709 1543 4814 possessio
1561 4709 1601 4784 in
1614 4701 2020 4784 bonumconvertatur'
2033 4729 2149 4804 opor-

10 4927 11 4938 *
128 4920 130 4926 ,
215 4833 370 4906 tetzvel
394 4857 482 4906 cum
503 4833 587 4933 quis
606 4833 705 4934 ipsus
726 4833 833 4908 libris
848 4833 1087 4934 uti,eosque
1111 4833 1302 4909 aestimare
1317 4829 1529 4906 novit:vel
1551 4829 1642 4922 dum
1662 4853 1736 4928 pro
1756 4825 1838 4902 aliis¹
1856 4851 2014 4927 quoquo
2035 4822 2150 4898 habet

216 4965 261 5022 ut
280 4951 475 5030 communi
497 4951 577 5024 usui
597 4951 817 5028 deserviant.
833 4953 932 5025 ⁴Non
950 4951 1047 5026 male
1065 4951 1181 5051 igitur
1197 4949 1372 5026 concludi
1390 4953 1527 5050 potest,
1550 4947 1572 5020 li
1592 4947 1631 5020 in
1653 4947 1726 5020 tale
1753 4943 1908 5044 aliquod
1923 4943 2069 5016 bonum
2095 4941 2152 5014 in·

218 5069 354 5142 llructa
368 5093 446 5142 non
468 5068 511 5144 fit
528 5069 765 5146 bibliotheca
791 5069 964 5168 alicujus,
993 5068 1098 5172 quod
1111 5069 1277 5172 plu'rima
1292 5095 1380 5170 pars
1404 5065 1625 5144 numerosae
1651 5061 1882 5152 collectionis
1903 5060 2090 5136 librorum
2108 5058 2150 5132 llt
2201 5117 2205 5125 .

40 5175 47 5184 ’
165 5205 444 5312 ¹‚tarne
1023 5245 1029 5258 -
1593 5227 1596 5238 =
1717 5201 1867 5274 uia
1982 5223 1989 5240 «
